2626 3532
1235 117 1290 160 17

273 244 385 286 Nam
413 241 571 297 pridem
601 239 886 281 emendatione
915 244 1028 280 certa
1056 240 1289 282 restitutum
1319 247 1383 283 est
1411 244 1517 283 δοῖοα
1546 243 1659 296 quod
1688 249 1776 285 erat
1805 243 1842 284 δ’
1860 240 1918 284 οἷα
1945 244 2142 298 inlibris,
2171 246 2247 288 sed

231 309 233 311 ’
272 313 378 355 illud
407 313 530 355 etiam
559 309 800 351 scholiastes
829 309 932 364 legit
960 310 1031 363 qui
1050 310 1244 352 orationis
1265 311 1436 352 formam
1466 312 1546 354 hoc
1568 313 1691 355 modo
1711 315 2023 357 circumscribit:
2055 316 2126 367 οὐχ
2155 310 2246 356 οὕτω

274 401 329 434 τις
355 380 513 436 χελιδών
540 378 676 433 τροφὴν
705 381 819 421 δοῦσα
846 381 919 428 τοῖς
949 382 1100 429 νεοσσοῖς
1136 380 1277 432 ταχέως
1310 382 1421 423 πάλιν
1449 371 1668 434 ὑπέστρεψεν
1698 382 1755 424 ἐπὶ
1786 382 1829 424 τὸ
1857 385 1976 436 ἑτέραν
2004 384 2168 438 κομίσαι,
2202 384 2248 435 αἷς

278 452 390 507 ἐκείνη
420 452 577 494 λιποῦσα
604 447 663 490 τὸν
683 449 810 502 δίφρον
839 449 900 490 &toi
922 453 990 491 τῶν
1007 453 1128 502 θυρῶν
1146 445 1278 503 ᾤχετο.
1321 451 1504 493 Tertium
1531 453 1720 494 addimus
1746 454 1929 496 eiusdem
1957 455 2111 496 formae
2140 470 2250 497 com-

277 524 484 581 parativae
512 520 744 574 exemplum
774 535 825 560 ex
851 520 996 574 idyllio
1024 532 1110 561 xm
1139 520 1439 576 depromptum.

659 592 711 631 62
783 594 906 640 νεβροῦ
933 591 1182 643 φθεγξαμένοις
1209 607 1262 639 τις
1291 593 1324 631 ἐν
1353 589 1487 643 οὔρεσιν
1517 593 1708 645 ωμοφείγος
1737 596 1792 641 λῖς

785 660 824 711 ἐξ
853 658 948 707 ευνᾶς
977 657 1144 700 ἔσπευσεν
1173 659 1402 714 ἑτοιμοτάταν
1432 659 1490 702 ἐπι
1519 665 1645 702 δαιτα·

783 725 982 782 Ἡρακλέης
1010 730 1165 778 τοιοῦτος
1193 729 1228 770 ἐν
1252 727 1474 781 οἷτρίπτοισιν
1503 730 1679 781 ἀκάνθαις

785 801 899 837 παῖδα
927 800 1053 840 ποθῶν
1081 798 1261 851 δεδόνητο,
1291 797 1403 840 πολῦν
1431 800 1467 839 δ’
1487 802 1711 853 ἐπελάμβανε
1738 804 1869 853 χῶρον.

279 871 398 911 Haec
426 870 533 909 enim
553 869 815 910 Ambrosiani
843 868 996 908 codicis
1019 869 1221 921 scriptura
1240 875 1304 909 est
1323 884 1446 921 quam
1466 871 1674 923 *interpres
1696 871 1882 912 Graecus
1912 871 2127 911 confirmat
2157 886 2248 912 cum

278 939 380 979 haec
408 937 579 978 adnotat
612 937 666 978 ad
694 953 732 977 v.
756 939 808 979 62
838 940 948 989 νεβρῶ
976 937 1242 991 φθεγξαμένας·
1277 936 1340 978 οὐκ
1369 933 1522 992 ἤρτηται
1553 938 1686 995 [M]
1725 939 1817 983 καθ’
1841 935 2008 994 ἐαυτο’*).
2038 942 2251 994 διασαφηνι..

278 1008 380 1049 στέον
408 1006 449 1048 δὲ
478 1001 587 1049 οὕτω·
617 1011 739 1060 νεβροῦ
766 1008 1014 1062 φθεγξαμένης
1043 1008 1131 1050 λε’ων
1160 1024 1211 1057 τις
1248 1010 1330 1048 κατ’
1351 1003 1428 1060 ὅρος
1458 1008 1661 1065 ᾐσθημένος
1691 1008 1899 1052 καταλιπών
1926 1008 1992 1064 τὴν
2020 1008 2117 1063 εὐνὴν
2147 1010 2251 1064 ὀξέως

277 1072 320 1118 ἂν
348 1077 538 1131 ἐπιδράμοι
567 1075 653 1130 πρὸς
683 1076 745 1130 τὴν
774 1075 884 1130 βοροῖν
913 1078 1146 1131 ἐπειγόμενος·
1181 1078 1328 1131 τοιούτῳ
1354 1077 1401 1130 δή
1429 1082 1483 1132 τῷ
1506 1083 1617 1133 θυμῷ
1644 1078 1705 1120 καὶ
1731 1078 1915 1133 Ἡρακλῆς
1943 1078 2029 1120 τότε
2056 1079 2251 1131 συσχεθεὶς

278 1145 416 1203 περιῃέι
444 1144 509 1200 τήν
535 1141 624 1200 ῧλην
651 1145 711 1197 τὸν
727 1141 847 1189 (Ὕλαν
876 1145 1067 1200 α’ναζητῶν.
1117 1146 1200 1198 Qui
1229 1161 1328 1188 vero
1357 1148 1437 1189 illis
1465 1149 1592 1204 vulgo
1621 1150 1827 1203 praemitti
1856 1150 1962 1191 solet
1990 1165 2131 1191 versus
2158 1152 2250 1204 (61)

277 1219 320 1257 in
351 1218 496 1258 ceteris
525 1218 639 1258 libris
668 1218 843 1258 traditus

661 1289 711 1327 61
786 1285 830 1335 ὥς
859 1285 896 1326 δ’
915 1284 1021 1326 ὁπότ’
1039 1286 1206 1339 ηὐγένειος
1234 1285 1424 1338 οἷπὸπροθι
1452 1290 1508 1336 λῒς
1537 1288 1733 1337 ἐσακούσας

277 1372 373 1399 eum
401 1357 728 1411 interpolationis
759 1362 859 1398 nota
886 1356 1088 1411 insignem
1110 1357 1320 1410 Zieglerus
1349 1358 1495 1399 merito
1520 1358 1706 1408 seclusit;
1736 1374 1869 1412 neque
1899 1360 2007 1401 enim
2035 1373 2128 1400 cum
2157 1374 2253 1412 pro-

278 1427 389 1467 ximo
418 1440 541 1468 versu
570 1429 693 1479 νεβροῦ
719 1431 792 1468 κτλ
826 1433 923 1481 apte
960 1426 1002 1467 in
1031 1440 1152 1467 unam
1182 1426 1407 1468 orationem
1435 1427 1551 1482 iungi
1587 1433 1726 1481 potest
1761 1434 1802 1469 et
1831 1428 2045 1470 consilium
2074 1428 2253 1469 addendi

278 1502 466 1551 apertum
495 1503 580 1546 est3
617 1497 775 1550 reliqua
802 1498 931 1538 verba
965 1497 1077 1549 quod
1106 1496 1316 1550 Zieglerus
1350 1498 1524 1537 maxime
1560 1498 1783 1539 scholiasta
1816 1499 1921 1539 duce
1955 1500 1997 1539 in
2031 1499 2139 1540 hanc
2173 1500 2255 1539 for-

279 1582 386 1607 mam
415 1567 588 1621 redegit,

661 1638 713 1677 62
787 1639 909 1689 νεβροῦ
937 1637 1187 1690 φθεγξαμένας
1216 1653 1267 1686 τις
1297 1638 1330 1678 ἐν
1359 1632 1476 1687 οὔρεσι
1504 1639 1559 1685 λῒς
1588 1637 1784 1687 ἓσακούσας

786 1708 825 1758 ἐξ
855 1706 949 1755 εὐνᾶς
978 1706 1131 1747 σπεύσαι
1160 1724 1216 1746 κεν
1247 1707 1477 1760 ἓτοιμοτοίταν
1506 1705 1564 1747 ἐπὶ
1594 1709 1719 1746 δαῖτα·

786 1780 879 1825 τοῖος
907 1774 1117 1829 χήρακλέης
1145 1776 1224 1816 τότ’
1243 1778 1276 1817 ἐν
1305 1776 1531 1827 ἀτρίπτοισιν
1559 1782 1643 1823 κτλ,

281 1862 366 1889 non
394 1860 592 1901 negamus
620 1846 875 1900 probabilem
904 1850 945 1887 et
972 1851 1097 1901 poeta
1125 1846 1237 1888 haud
1265 1846 1475 1901 indignam
1495 1846 1721 1888 orationem
1745 1861 1850 1899 esse,
1880 1846 1954 1888 sed
1982 1861 2116 1901 neque
2145 1846 2253 1888 hunc

279 1917 467 1958 ordinem
494 1914 692 1969 Ἡρακλέης
720 1919 876 1965 τοιοῦτος
905 1930 1036 1970 neque
1055 1930 1154 1957 vero
1176 1917 1372 1957 aoristum
1393 1915 1560 1956 ἔσπευσεν
1589 1918 1630 1957 in
1653 1917 1860 1958 afferendo
1890 1918 2011 1958 simili
2038 1918 2126 1958 iure
2146 1918 2253 1957 vitu-

279 1987 414 2041 perari
443 1986 724 2035 eoncedimus3
754 2001 916 2027 versum
947 1993 1082 2026 autem
1103 1988 1155 2026 62
1184 1987 1254 2025 illa
1282 1987 1413 2026 forma
1433 1993 1542 2026 certe
1570 2002 1654 2027 non
1683 1988 1798 2041 legit,
1829 1988 1899 2040 qui
1918 2001 2083 2027 versum
2103 1989 2153 2026 61
2178 2001 2251 2027 suo

279 2063 409 2098 marte
439 2056 612 2097 adiicere
643 2057 822 2097 animum
851 2057 1029 2106 induxit3
1064 2057 1238 2109 denique
1267 2057 1529 2111 interpretem
1561 2055 1786 2109 Graecum,
1818 2058 1890 2111 qui
1917 2059 2042 2111 paulo
2071 2057 2251 2107 liberius,

280 2131 329 2167 ut
357 2126 475 2177 solet,
504 2125 749 2166 sententiam
777 2130 926 2179 poetae
946 2126 1255 2176 circumscribit,
1285 2125 1478 2167 credibile
1507 2141 1591 2166 non
1621 2132 1697 2177 est,
1727 2127 1807 2166 alia
1835 2127 1985 2180 legisse
2006 2141 2129 2180 quam
2149 2141 2250 2178 quae

281 2196 323 2236 in
359 2195 502 2235 codice
532 2189 806 2235 Ambrosiano
842 2196 996 2249 scripta
1034 2200 1141 2236 sunt.
1198 2196 1264 2235 Ex
1300 2195 1422 2236 huius
1455 2196 1548 2236 libri
1581 2197 1786 2250 scriptura
1818 2196 2057 2250 Madvigius
2091 2209 2253 2249 quoque

280 2267 492 2320 profectus
521 2266 841 2318 comparativam
869 2272 1006 2306 tamen
1035 2267 1277 2319 particulam
1314 2267 1475 2307 restitui
1508 2268 1628 2307 iussit
1667 2267 1745 2307 hac
1781 2268 1912 2307 forma
1947 2267 2080 2318 (Adv.
2101 2278 2118 2306 1
2149 2268 2251 2319 295)

283 2340 408 2387 νεβροῦ
435 2337 683 2388 φθεγξαμένοις
712 2334 748 2375 δ’
776 2338 824 2383 ὠς
856 2337 922 2390 [ἐν]
955 2332 1087 2387 οὔρεσιν
1120 2336 1312 2389 ὠμοφάγος
1341 2339 1395 2386 λῒς
1434 2337 1539 2389 (hoc
1568 2338 1676 2377 enim
1706 2352 1799 2378 eum
1827 2337 2009 2378 voluisse
2038 2336 2251 2385 credimus,

282 2419 532 2459 quamquam
566 2405 598 2446 ἐν
632 2404 767 2447 delere
803 2419 902 2447 casu
937 2404 1090 2447 oblitus
1127 2408 1235 2461 est);
1276 2407 1344 2448 cui
1377 2406 1419 2448 in
1454 2421 1504 2448 ea
1538 2421 1581 2448 re
1617 2407 1864 2449 assentimur
1898 2406 2011 2461 quod
2043 2412 2252 2462 praeterea

283 2476 387 2516 nihil
414 2476 660 2517 movendum
689 2477 731 2517 in
759 2477 839 2517 hac
857 2478 1041 2517 oratione
1062 2478 1234 2528 censuit,
1264 2478 1376 2530 quod
1395 2492 1492 2523 vero
1513 2479 1860 2531 comparationem
1889 2492 1973 2531 non
1994 2477 2134 2518 addita
2159 2490 2252 2529 par-

283 2546 410 2588 ticula
438 2553 549 2588 stare
582 2560 706 2601 posse
735 2553 861 2601 negat
894 2552 936 2587 et
964 2547 1127 2588 diversa
1161 2562 1252 2589 esse
1287 2562 1393 2601 quae
1428 2563 1478 2588 ex
1512 2547 1654 2602 idyllio
1676 2560 1767 2595 *XIV
1797 2548 2010 2603 Zieglerus
2048 2546 2252 2596 attulerat,

283 2617 403 2657 nobis
436 2631 519 2656 non
552 2617 774 2669 persuasit3
811 2617 934 2656 immo
969 2618 1029 2656 ita
1066 2631 1279 2657 censemus
1314 2623 1355 2656 et
1387 2617 1458 2656 illa
1493 2623 1602 2658 recte
1638 2623 1875 2672 comparata
1910 2632 2000 2658 esse
2036 2623 2077 2657 et
2109 2616 2251 2656 melius

285 2685 410 2725 etiam
444 2686 546 2726 haec
574 2700 680 2737 quae
713 2700 790 2725 nos
826 2700 934 2726 nunc
963 2687 1241 2740 disceptamus
1276 2701 1326 2727 ex
1355 2687 1498 2740 idyllio
1528 2699 1625 2727 xvn
1654 2689 1883 2740 comparari
1915 2687 2110 2741 potuisse.
2170 2685 2253 2736 Qui

285 2754 395 2795 enim
429 2755 532 2798 haec
558 2756 639 2797 tria
668 2755 854 2809 exempla
887 2756 928 2796 in
958 2771 1115 2798 summa
1148 2772 1192 2798 re
1221 2756 1392 2798 mirifice
1428 2757 1537 2798 inter
1567 2772 1612 2798 se
1641 2758 1918 2811 conspirantia
1946 2771 2036 2798 cum
2066 2770 2163 2797 cura
2190 2769 2254 2795 re-

474 2906 511 2954 ‘)
548 2908 742 2956 Zieglerus
769 2909 884 2944 edidit
912 2904 976 2945 οὐκ
999 2899 1142 2960 ἤρτηται
1169 2905 1266 2943 καθ’
1295 2902 1413 2950 ἑαυτό,
1439 2919 1535 2956 quae
1560 2914 1625 2944 aut
1643 2920 1717 2944 non
1736 2908 1974 2955 intelligimus
1993 2912 2057 2943 aut
2074 2906 2255 2954 distingui

280 2974 431 3016 oportet
458 2978 499 3008 ut
525 2973 622 3009 inter
645 2985 685 3010 se
711 2971 899 3020 o'pposita3
928 2973 1125 3009 maluimus
1153 2973 1266 3009 etiam
1294 2968 1392 3007 ἀλλὰ
1418 2972 1566 3009 addere.

1937 3037 1963 3080 3
