2626 3532
1301 155 1332 199 4

1184 282 1452 320 ΑΙΣΧΙΝΗΣ.

737 350 763 389 3
835 346 1040 401 πράσσομες
1071 345 1142 399 οὐχ
1169 349 1219 397 ὥς
1249 350 1376 401 λῷστα
1406 345 1584 399 Θυῶνιχε.

1182 434 1461 472 ΘἿὩΝΙΧΟΣ.

1605 487 1709 528 ταῦτ’
1732 481 1804 537 ἆρα
1833 486 1976 535 λεπτός,

835 553 897 607 χώ
925 555 1068 610 μύσταξ
1098 552 1211 605 πολῦς
1241 548 1352 605 οὗτος,
1381 555 1581 597 οίυσταλέοι
1610 554 1651 596 δὲ
1679 552 1829 598 κῖκιννοι.

739 627 763 667 5
835 627 991 684 τοιοῦτος
1020 623 1143 678 πραῖαν
1171 642 1223 675 τις
1252 624 1405 678 α’φίκετο
1435 625 1728 680 Πυθαγορικτοίς,

837 694 956 747 αῗχρός
985 696 1242 748 κιῖνυποδητος,
1272 695 1463 748 Ἀθηναῖος
1494 698 1530 735 δ’
1553 694 1657 746 ἔφατ’
1681 693 1780 749 ἦμεν.

837 761 950 818 ἤρατο
979 765 1040 818 μὲν
1069 763 1129 805 καὶ
1157 768 1271 817 τῆνος,
1302 763 1376 817 ἐμὶν
1405 767 1515 812 δοκεῖ,
1545 764 1646 805 ὀπτῶ
1674 764 1828 816 α’λεύρω.

1184 837 1453 875 ΑΙΣΧΙΝΗΣ.

837 902 1000 953 παῖσὸεις
1031 898 1151 957 ὦγα9’
1174 901 1284 954 ἔχων·
1315 902 1376 956 ἐμὲ
1405 902 1443 942 δ’
1462 901 1486 942 οἷ
1514 902 1699 956 χαρίεσσα
1728 901 1891 944 Κυνίσκα

837 972 1018 1025 ὖβρῖσδει·
1049 975 1153 1015 λασῶ
1183 972 1222 1013 δὲ
1251 972 1368 1026 μανείς
1396 989 1505 1021 ποκα,
1535 970 1623 1026 θρὶξ
1652 970 1721 1013 οἰνοὶ
1749 973 1892 1027 μέσσον.

1183 1046 1462 1084 ΘΎΩΝῙΧΟΣ.

713 1117 763 1156 10
835 1116 990 1163 τοιοῦτος
1021 1113 1081 1167 μὲν
1111 1109 1165 1154 αἐὶ
1196 1110 1240 1155 τι)
1268 1110 1355 1165 φίλ’
1377 1112 1550 1165 Αἷσχίνοι,
1580 1110 1709 1165 οἷσυχᾶ
1737 1112 1834 1166 ὀξύς,

839 1184 944 1224 πάντ’
963 1185 1099 1226 ἐθέλων
1129 1182 1222 1224 nard
1252 1183 1388 1236 καιρόν·
1417 1176 1511 1237 ἶμως
1541 1185 1577 1223 δ’
1598 1182 1706 1231 εἶ’π-ον,
1735 1183 1778 1224 τί
1800 1181 1844 1224 τὸ
1872 1182 1999 1224 καινόν.

322 1254 466 1294 Prima
495 1255 556 1295 sic
585 1255 917 1309 interpretantur,
945 1253 1213 1305 Aeschinem,
1244 1254 1315 1295 illa
1345 1253 1576 1295 calamitate
1606 1267 1864 1308 oppressum,
1893 1253 2182 1308 Thyonichum
2212 1256 2312 1297 ami-

324 1339 418 1366 cum
450 1325 503 1366 ad
533 1340 576 1367 se
607 1326 886 1377 arcessivisse,
915 1331 964 1367 ut
992 1325 1164 1367 consilia
1193 1340 1285 1367 cum
1316 1339 1363 1367 eo
1395 1339 1470 1366 sua
1500 1324 1842 1374 communicaret3
1881 1321 2182 1378 advenientem,
2212 1332 2311 1380 post

324 1396 464 1435 datam
498 1402 539 1435 et
567 1396 773 1436 redditam
803 1397 990 1446 salutem,
1020 1397 1230 1449 increpare
1261 1396 1397 1435 verbis
1427 1394 1471 1443 αἷς
1500 1395 1656 1445 χρόνιος,
1688 1395 1800 1447 quod
1829 1411 1911 1435 non
1937 1396 2057 1436 citius
2088 1396 2141 1436 ad
2160 1410 2311 1437 vocan-

322 1471 409 1506 tem
439 1465 697 1516 advolasset3
733 1466 800 1507 cui
828 1465 1118 1520 Thyonichum
1148 1464 1486 1523 admirabundam
1516 1465 1881 1519 interrogationem
1910 1465 2070 1517 χρόνιος;
2105 1480 2313 1521 regerere,

323 1535 419 1576 dein
450 1535 550 1589 quid
585 1536 654 1576 ille
692 1551 738 1577 se
768 1537 893 1577 vellet
927 1536 1140 1577 sciscitari.
1199 1536 1249 1576 In
1282 1536 1431 1590 quibus
1470 1542 1566 1577 sunt
1603 1550 1707 1589 quae
1743 1549 1826 1575 non
1865 1536 1965 1577 satis
2000 1541 2095 1590 apte
2129 1537 2235 1578 inter
2264 1551 2311 1578 se

323 1611 394 1646 aut
416 1620 508 1646 cum
529 1607 851 1659 colloquentium
881 1607 1069 1661 personis
1092 1607 1302 1646 conciliari
1331 1606 1503 1659 possint.
1555 1606 1663 1646 Nam
1692 1606 1884 1659 primum,
1915 1620 1997 1659 quo
2018 1607 2193 1647 maxime
2213 1607 2310 1648 duci

300 1677 570 1729 ‘interpretes
600 1676 811 1728 videntur,
848 1677 1096 1730 vituperatio
1133 1691 1239 1729 quae
1275 1682 1337 1717 est
1372 1677 1414 1716 in
1444 1677 1578 1717 verbis
1608 1674 1652 1724 αἷς
1678 1676 1819 1727 χρόνιος
1852 1681 2016 1729 poterat
2043 1677 2113 1717 illa
2142 1677 2310 1730 quidem

321 1746 561 1786 admirantis
591 1760 792 1800 responso
812 1746 971 1797 χρόνιος;
1001 1747 1126 1796 reiici,
1156 1752 1203 1786 ut
1222 1746 1525 1799 Aristophanes
1545 1747 1587 1785 in
1606 1746 1905 1786 Ecclesiazusis
1929 1747 2050 1799 (764)
2074 1745 2309 1788 Chremetis

317 1815 458 1857 verbis
488 1813 533 1864 αἱς
562 1814 712 1869 ἀνόητος
741 1811 836 1869 ἧσθ’
857 1811 927 1869 ἄρα
958 1816 1129 1857 alterum
1150 1829 1245 1857 cum
1266 1815 1532 1857 admiratione
1552 1814 1718 1870 α’νόητος;
1748 1814 2065 1870 respondentem
2085 1816 2202 1867 facit3
2233 1816 2307 1858 sed

319 1885 570 1939 vituperatio
600 1886 691 1939 ipsa
719 1900 804 1926 non
833 1885 1007 1926 decebat
1035 1886 1306 1935 Aeschinem,
1340 1886 1491 1939 quippe
1521 1887 1591 1939 qui
1622 1886 1796 1925 amicum
1825 1891 1872 1924 ut
1901 1886 2047 1925 volunt
2077 1886 2129 1925 ad
2159 1900 2202 1926 se
2232 1900 2306 1926 vo-

319 1961 474 2004 casset3
511 1955 661 1997 deinde
697 1956 889 2009 quoniam
926 1955 1019 2008 plus
1056 1970 1180 2008 quam
1219 1956 1410 2010 exiguum
1447 1956 1709 1996 intervallum
1746 1954 1941 1995 credibile
1979 1970 2063 1996 non
2100 1962 2163 1996 est
2200 1956 2312 1997 inter

318 2026 542 2066 Aeschinis
572 2027 830 2067 vocationem
861 2032 902 2066 et
932 2026 1154 2066 adventum
1183 2026 1413 2080 Thyonichi
1443 2026 1741 2076 intercessisse,
1770 2040 1822 2066 ne
1853 2025 1912 2065 sic
1941 2025 2108 2078 quidem
2129 2026 2306 2067 Aeschi-

318 2110 412 2136 nem
443 2098 708 2149 quantumvis
738 2112 877 2138 morae
907 2097 1186 2149 impatientem
1216 2096 1504 2150 Thyonichum
1533 2097 1617 2137 illis
1647 2096 1783 2137 verbis
1816 2096 2003 2149 excipere
2033 2111 2110 2150 par
2138 2097 2234 2148 fuit,
2271 2098 2307 2139 si

322 2165 488 2219 quidem
518 2167 742 2208 retinemus
772 2167 856 2207 vim
886 2166 1063 2207 nominis
1095 2181 1177 2220 qua
1205 2167 1329 2222 vulgo
1359 2168 1458 2222 poni
1487 2167 1607 2219 solet,
1636 2166 1752 2208 velut
1781 2165 1892 2220 apud
1913 2165 2146 2207 Lucianum
2175 2166 2216 2208 in
2235 2167 2308 2208 Ti-

319 2250 442 2276 mone
475 2250 508 2276 c.
526 2238 578 2276 55
610 2239 646 2290 (1
675 2252 715 2290 p.
734 2238 830 2287 406,
855 2238 904 2276 15
925 2237 1126 2289 Bekkeri)
1146 2237 1264 2276 Timo
1284 2237 1553 2291 Thrasyclem
1578 2236 1873 2291 philosophum
1894 2235 2179 2277 advenientem
2208 2250 2311 2277 con-

317 2306 499 2359 spicatus
528 2305 570 2345 τί
593 2309 716 2356 τοῦτο;
755 2308 958 2347 exclamat
991 2309 1128 2353 παπαῖ,
1165 2308 1305 2357 χρόνιος
1339 2305 1420 2359 ἡμῖν
1451 2309 1689 2359 Θρασυκλῆς,
1725 2312 1796 2347 aut
1826 2307 1867 2345 in
1899 2305 2093 2359 Odyssea
2126 2309 2190 2357 17,
2223 2309 2300 2346 111

317 2374 370 2415 de
400 2375 580 2416 Nestore
609 2375 880 2417 Telemachus
916 2375 1080 2424 ἐνδυκέως
1119 2375 1174 2415 ait
1207 2375 1248 2428 μ’
1277 2375 1416 2427 ἐφίλει,
1454 2374 1547 2417 uice(
1574 2393 1612 2416 τε
1647 2373 1768 2428 πατὴρ
1805 2373 1858 2415 ἑόν
1887 2372 1946 2414 υἷα
1978 2375 2137 2418 ἐλθόντα
2163 2373 2308 2427 χρόνιον

314 2444 384 2482 νέον
413 2440 590 2491 ἄλλοθεν,
630 2452 675 2484 ut
711 2447 919 2485 mittamus
950 2446 1050 2484 talia
1080 2447 1199 2497 quale
1230 2446 1307 2485 hoc
1337 2452 1400 2486 est
1429 2447 1479 2486 de
1508 2446 1722 2499 Euripidis
1749 2445 1938 2495 Electra,
1975 2460 2096 2498 quam
2127 2443 2303 2485 Orestes

316 2514 538 2567 compellat
559 2516 710 2568 (1304)
732 2509 759 2554 ὦ
780 2515 928 2566 σύγγονέ
955 2532 1029 2567 μοι,
1058 2515 1205 2565 χρονίαν
1235 2517 1268 2553 σ’
1293 2515 1418 2555 ἐσιδών
1447 2519 1515 2555 τῶν
1537 2519 1608 2555 σῶν
1627 2512 1734 2562 εὐθὺς
1759 2512 1925 2566 φίλτρων
1945 2516 2128 2568 στέρομαι,
2157 2515 2307 2555 multa-

316 2599 396 2636 que
426 2585 467 2624 in
498 2585 643 2625 eadem
672 2585 813 2625 fabula
842 2591 884 2626 et
912 2586 955 2625 in
984 2585 1088 2625 aliis.
1137 2584 1297 2637 Quodsi
1328 2586 1380 2627 ab
1410 2585 1491 2626 hoc
1511 2601 1588 2626 usu
1614 2585 1790 2626 nominis
1821 2585 2011 2640 profecti,
2040 2585 2185 2626 relicto
2216 2599 2301 2626 ser-

314 2655 447 2696 monis
468 2654 625 2706 ordine,
656 2656 906 2708 quaerimus,
935 2656 1020 2696 utri
1050 2655 1211 2696 illorum
1231 2656 1361 2710 magis
1382 2656 1629 2697 conveniant
1648 2655 1775 2697 verba
1803 2653 1848 2705 «59
1872 2654 2025 2708 χρόνιος,
2055 2654 2302 2709 Thyonicho

315 2739 364 2765 ea
399 2726 574 2766 reddere
609 2740 693 2766 non
732 2726 1033 2775 dubitabimus;
1076 2727 1227 2780 quippe
1262 2727 1493 2768 Aeschines
1529 2732 1670 2766 narrat
1702 2727 1790 2779 ipse
1830 2728 1889 2779 (V.
1911 2727 1964 2766 44
1991 2728 2075 2779 sq.)
2113 2739 2158 2766 se
2196 2725 2302 2766 duos

310 2811 441 2848 prope
472 2811 635 2837 menses
667 2797 719 2836 ab
750 2796 961 2837 hominum
992 2798 1289 2838 consuetudine
1319 2803 1522 2838 secretum
1552 2797 1740 2850 degisse3
1772 2802 1814 2836 et
1832 2796 2102 2849 Thyonichus
2132 2811 2175 2836 se
2206 2811 2300 2836 eum

311 2865 471 2906 interea
504 2880 588 2905 non
617 2865 769 2906 vidisse
805 2866 855 2906 iis
892 2866 1100 2920 significat
1138 2881 1242 2919 quae
1278 2867 1329 2907 de
1359 2866 1578 2907 Aeschinis
1608 2871 1778 2919 aspectu
1809 2866 1970 2906 iocatur
1999 2866 2057 2919 (v.
2080 2865 2117 2905 3.
2140 2866 2165 2905 4
2195 2864 2300 2905 ταῦτ’

309 2930 381 2985 οἷρα
401 2934 546 2983 λεπτός,
575 2934 636 2986 χώ
655 2934 798 2988 μύσταξ
827 2933 939 2984 πολὺς
960 2930 1093 2989 οὗτος).
1141 2936 1224 2986 Qui
1245 2937 1357 2988 quod
1379 2937 1494 2977 addit
1514 2936 1827 2977 cavillabundus
1859 2937 1917 2989 (v.
1940 2937 1964 2976 5
1986 2937 2112 2989 sqq.),
2140 2935 2300 2989 Pytha-

310 3004 499 3059 goricum
529 3005 735 3059 quendam
766 3019 898 3060 nuper
926 3005 1112 3047 similiter
1141 3003 1331 3046 affectum
1362 3005 1416 3047 ad
1445 3020 1489 3047 se
1518 3005 1681 3046 venisse
1711 3004 2031 3057 mendicantem,
2066 3004 2159 3058 ipsa
2187 3017 2301 3044 com-
