2626 3532
1319 173 1376 216 14

352 314 460 353 quae
492 299 689 353 originem
721 297 988 351 metaphorae
1019 296 1186 350 aperiat.
1239 295 1357 348 Quae
1389 298 1459 350 qui
1488 303 1599 338 recte
1628 298 1894 355 perpenderit
1922 304 1964 340 et
1992 299 2114 341 huius
2143 301 2336 346 dictionis

352 376 541 411 naturam
577 369 741 422 penitus
772 367 1048 422 perspexerit,
1085 366 1199 408 dabit
1227 366 1403 409 fortasse
1432 367 1473 407 in
1505 366 1571 409 his
1600 366 1783 409 Senecae
1812 368 1998 410 versibus
2028 368 2081 410 de
2109 369 2336 414 dormiente

352 444 448 494 post
476 444 755 494 perpetratam
784 437 952 478 caedem
973 436 1155 477 Hercule
1176 437 1328 491 (1088)
1358 452 1426 478 nec
1454 438 1587 478 adhuc
1615 451 1744 478 omnes
1763 439 1918 492 empuli&
1943 446 2075 479 aestus
2103 440 2171 479 sed
2198 448 2246 480 ut
2271 443 2337 482 in-

346 512 460 565 qemi
490 517 631 550 vexata
661 516 751 549 noto
780 515 912 548 servat
940 509 1073 561 lonqos
1102 508 1212 547 unda
1244 509 1435 548 tumultus
1463 516 1499 548 et
1526 510 1608 549 iam
1637 516 1747 549 vento
1782 516 1951 549 cessante
1983 516 2103 550 tumet
2130 524 2214 550 non
2244 525 2335 552 esse

352 580 466 636 quod
495 585 653 634 partem
681 579 877 620 orationis
908 593 989 632 qua
1017 578 1270 632 comparatio
1295 579 1560 634 perficeretur
1589 579 1806 620 memoriae
1826 579 1927 620 vitio
1955 580 2158 622 interiisse
2187 595 2335 636 argua-

351 666 456 692 mus.
503 650 574 692 Sic
604 651 710 691 enim
741 650 813 703 qui
842 664 935 689 cum
955 649 1161 691 Withofio
1192 650 1336 690 statuit
1357 649 1426 690 Fr.
1449 650 1536 690 Leo
1567 664 1659 690 cum
1688 650 1793 691 haec
1823 650 2107 705 supplementa
2136 651 2334 693 orationis

351 722 520 762 mutilae
550 725 801 774 proponeret
830 727 951 760 tumet
988 719 1060 774 [oio
1082 720 1262 773 pristina
1292 720 1425 760 adhuc
1453 722 1587 774 quatit
1612 723 1677 761 ira
1705 721 1872 776 virum]‚
1912 720 2008 762 addi
2036 721 2157 762 iussit
2183 722 2332 775 quibus

351 791 540 832 videmur
569 805 707 832 carere
736 804 875 844 posse,
906 789 941 830 si
972 789 1138 842 quidem
1166 789 1268 830 illud
1296 789 1461 830 dicendi
1489 805 1622 844 genus
1642 792 1905 846 agnoscimus
1926 806 2007 846 quo
2028 791 2140 846 quod
2168 793 2333 846 proprie

350 863 404 902 de
433 862 544 902 unda
572 867 673 901 noto
701 867 848 901 vexata
878 860 1028 900 dicitur
1056 875 1130 914 per
1155 860 1436 913 metaphoram
1467 867 1730 901 convertatur
1757 862 1800 902 in
1820 862 2056 913 Herculem,
2086 862 2166 902 hoc
2196 877 2245 902 eo
2274 863 2335 903 fa-

352 933 471 974 cilius
502 932 597 985 quia
626 930 877 986 comparatio
911 935 1156 984 praeparata
1190 930 1270 970 iam
1306 935 1393 970 erat
1420 930 1558 972 verbis
1594 945 1664 971 nec
1694 932 1824 972 adhuc
1851 946 1983 973 omnes
2011 933 2163 987 ompulit
2190 939 2332 983 aeetae,

349 1018 445 1043 cum
475 1010 603 1043 aestus
632 1002 797 1055 proprie
828 1001 912 1041 sint
939 1001 1074 1041 maris.
1118 1000 1215 1040 Non
1244 1000 1377 1040 minus
1408 1000 1570 1055 integra
1599 1006 1641 1040 et
1668 1002 1758 1054 pari
1788 1002 1945 1042 ratione
1966 1003 2208 1056 explicanda
2228 1003 2334 1044 arbi-

350 1080 508 1114 tramur
538 1073 639 1112 haec
669 1072 719 1112 de
750 1070 967 1111 Claudiani
997 1071 1135 1123 Raptu
1164 1070 1439 1122 Proserpinae
1471 1071 1530 1122 (2,
1552 1072 1632 1111 209
1654 1073 1767 1124 sqq.)

800 1141 867 1180 ille
897 1141 1010 1180 velut
1040 1140 1191 1180 stabuli
1221 1139 1347 1179 decus
1378 1140 1630 1192 armentique
1659 1141 1873 1180 iuvencam

800 1225 892 1250 cum
922 1211 984 1250 leo
1014 1209 1200 1263 possedit
1228 1209 1464 1262 nudataque
1494 1210 1651 1250 viscera
1679 1209 1783 1250 fodit

798 1280 1005 1334 unguibus
1036 1284 1077 1319 et
1105 1279 1259 1319 rabiem
1289 1285 1401 1320 totos
1433 1280 1571 1334 exegit
1601 1280 1642 1319 in
1674 1294 1825 1331 armos,

800 1355 883 1390 stat
910 1349 1043 1402 turpis
1073 1363 1212 1390 crassa
1241 1349 1354 1390 sanie
1384 1348 1600 1402 nodosque
1630 1349 1816 1390 iubarum

799 1419 955 1459 excutit
984 1424 1025 1459 et
1054 1419 1156 1459 viles
1188 1424 1400 1473 pastorum
1430 1418 1606 1473 despicit
1634 1419 1736 1468 iras;

350 1507 456 1545 quae
477 1492 642 1545 Ieepius
663 1490 808 1531 eodem
829 1505 911 1543 quo
934 1489 1117 1530 Senecae
1147 1490 1282 1530 editor
1302 1489 1509 1530 desiderio
1539 1489 1686 1531 ductus
1716 1490 1954 1544 imperfecta
1979 1505 2069 1532 esse
2099 1498 2210 1532 ratus
2239 1498 2338 1546 post
2410 1538 2412 1540 ,

349 1563 426 1602 Ille
455 1577 493 1600 v.
517 1563 597 1601 209
629 1561 753 1600 talem
784 1553 954 1600 versum*
980 1559 1215 1600 addendum
1246 1560 1420 1600 coniecit
1454 1560 1521 1600 ille
1559 1561 1707 1613 [tamen
1729 1560 1895 1611 fervens
1923 1563 1988 1600 ira
2018 1575 2097 1601 non
2120 1561 2338 1616 franyitur

348 1634 437 1672 alta
469 1632 618 1685 Mente]
649 1632 756 1670 velut
792 1630 863 1682 (cf.
890 1629 1105 1670 Ritschelii
1134 1630 1229 1671 Act.
1253 1642 1268 1669 1
1298 1645 1337 1683 p.
1362 1630 1476 1682 357).
1537 1629 1621 1671 Sed
1651 1629 1754 1670 haec
1783 1631 1909 1671 verba
1936 1638 2016 1671 etat
2045 1633 2173 1685 turpis
2200 1647 2337 1673 crassa

352 1704 465 1743 sam'e
496 1733 505 1741 .
523 1732 532 1741 .
563 1710 600 1741 et
627 1703 721 1741 viles
745 1708 956 1754 pastorum
976 1701 1140 1753 despicit
1158 1703 1255 1750 iras,
1288 1714 1392 1753 quae
1421 1700 1586 1753 proprie
1616 1714 1712 1740 sane
1733 1700 1785 1740 de
1806 1701 1925 1741 leone
1945 1701 2055 1741 dicta
2078 1708 2187 1753 sunt,
2217 1703 2337 1743 simu]

352 1772 656 1812 transferuntur
685 1771 728 1810 in
755 1769 974 1810 Plutonem
1005 1770 1076 1822 qui
1106 1775 1223 1823 rapta
1250 1769 1501 1822 Proserpina
1531 1775 1637 1810 stare
1668 1775 1709 1810 et
1740 1769 1950 1825 despicere
1982 1770 2151 1812 dearum
2183 1772 2336 1813 auxilio

352 1841 635 1881 advolantium
666 1840 748 1879 iras
786 1846 826 1879 et
860 1840 1003 1880 inanes
1034 1840 1211 1893 impetus
1241 1839 1402 1880 dicitur.
1463 1838 1581 1894 Quae
1612 1840 1646 1879 si
1676 1846 1788 1880 recte
1818 1841 2152 1894 interpretamur,
2187 1842 2337 1882 intelli-

354 1913 465 1967 gitur
494 1917 670 1963 utroque
700 1910 792 1950 loco
823 1910 1110 1963 supplementa
1138 1910 1228 1964 ipsa
1254 1925 1358 1963 quae
1379 1909 1492 1950 docti
1522 1909 1707 1950 homines
1738 1916 2044 1964 proposuerunt
2072 1926 2096 1951 a
2123 1917 2336 1965 poetarum

351 1997 478 2024 sensu
511 1981 718 2032 abludere,
750 1981 880 2022 altero
902 1981 1025 2020 etiam
1054 1980 1185 2032 locus,
1215 1981 1286 2021 ubi
1315 1981 1428 2021 hiare
1451 1981 1585 2020 oratio
1606 1980 1799 2032 creditur,
1827 1981 1896 2021 isti
1915 1982 2063 2022 rationi
2084 1982 2335 2023 adversatur.

353 2053 450 2105 Quo
482 2053 613 2107 magis
644 2051 870 2093 cavendum
902 2058 965 2092 est
994 2066 1045 2092 ne
1076 2051 1364 2093 additamentis
1394 2053 1608 2094 inutilibus
1639 2058 1710 2092 aut
1738 2052 1877 2106 pravis
1913 2051 1965 2093 de
2001 2058 2214 2106 poetarum
2249 2060 2336 2094 arte

352 2124 631 2164 detrahamus.
677 2123 727 2163 In
759 2137 840 2175 qua
869 2137 911 2161 re
942 2137 991 2162 ne
1022 2123 1115 2175 quis
1145 2137 1222 2162 nos
1252 2123 1420 2164 nimium
1450 2123 1647 2165 audaciae
1669 2122 1853 2164 Senecae
1882 2128 1952 2163 aut
1972 2121 2200 2164 Claudiano
2221 2125 2337 2165 attri-

352 2194 478 2234 buere
509 2193 731 2242 insimulet,
763 2197 987 2232 extremum
1020 2193 1072 2232 sit
1088 2192 1266 2247 Vergilii
1291 2193 1538 2247 exemplum,
1567 2193 1638 2246 qui
1659 2207 1751 2233 cum
1774 2193 1898 2244 (Aen.
1916 2195 1956 2243 9,
1978 2194 2077 2246 337)
2098 2193 2190 2234 Nisi
2210 2194 2337 2235 furio·

353 2279 441 2306 sam
464 2263 601 2304 caedis
634 2262 899 2315 cupiditatem
932 2263 1052 2303 simili
1083 2263 1275 2313 illustrat,

803 2334 1003 2385 impastus
1034 2347 1109 2372 ceu
1140 2333 1261 2386 plena
1289 2334 1355 2373 leo
1385 2348 1458 2386 per
1489 2334 1613 2373 ovilia
1642 2333 1811 2372 turbans

804 2402 969 2454 (suadet
1000 2404 1107 2442 enim
1136 2418 1289 2443 vesana
1318 2404 1466 2456 fames)
1497 2402 1734 2454 manditque
1764 2402 1970 2454 trahitque

803 2472 925 2512 molle
955 2486 1082 2526 pecus
1114 2477 1352 2526 mutumque
1381 2478 1509 2524 metu,
1543 2472 1679 2513 fremit
1708 2485 1777 2512 ore
1808 2478 1991 2523 cruento,

355 2544 517 2599 singula
547 2542 872 2598 verbatproprie
909 2543 1068 2582 leonem
1104 2543 1355 2596 significant,
1393 2556 1470 2583 nec
1505 2548 1644 2582 tamen
1679 2543 1897 2595 quicquam
1932 2547 2068 2582 mente
2103 2543 2335 2584 addendum

356 2621 440 2664 est,
476 2613 586 2666 quod
617 2615 862 2665 interpretes
895 2613 1130 2663 voluerunt,
1165 2627 1298 2665 neque
1329 2613 1381 2652 de
1411 2612 1575 2652 defectu
1605 2613 1890 2666 cogitandum,
1927 2613 1999 2653 sed
2029 2614 2088 2654 sic
2120 2619 2183 2654 est
2210 2613 2336 2653 inter-

354 2684 617 2738 pretandum,
659 2689 705 2723 ut
739 2697 845 2735 quae
887 2683 938 2723 de
973 2684 1091 2723 leone
1131 2682 1272 2723 eadem
1313 2682 1594 2735 intelligantur
1630 2682 1680 2723 de
1717 2682 1845 2733 Niso,
1888 2682 2016 2723 Nisus
2058 2697 2126 2723 ceu
2166 2684 2223 2725 leo
2262 2686 2337 2724 im-

347 2762 494 2809 pastus
523 2755 680 2794 mandit
710 2754 925 2807 traltitque3
957 2754 1015 2794 sic
1046 2754 1153 2794 enim
1184 2753 1349 2793 demum
1379 2758 1490 2793 recte
1520 2752 1789 2793 adnectentur
1819 2754 2076 2807 insequentia
2095 2753 2181 2794 Nec
2207 2756 2337 2795 minor

353 2825 535 2880 Euryali
562 2826 709 2864 caedes.

550 2907 599 2934 111
649 2894 778 2934 Aliud
808 2894 1014 2947 quoddam
1046 2909 1176 2949 genus
1208 2893 1405 2934 orationis
1437 2895 1740 2948 comparativae
1777 2895 2016 2949 priusquam
2045 2894 2168 2935 finem
2198 2895 2339 2949 dispu-

355 2965 471 3005 tandi
508 2966 706 3006 faciamus
746 2965 892 3018 paucis
927 2965 1202 3018 perstringere
1234 2965 1390 3004 animus
1422 2971 1503 3014 est,
1542 2965 1657 3005 cuius
1696 2964 1929 3018 explicandi
1964 2979 2127 3005 causam
2161 2966 2340 3018 petimus

352 3049 407 3075 ex
438 3035 624 3076 versibus
656 3049 765 3074 nono
798 3040 838 3074 et
869 3034 1026 3075 decimo
1057 3033 1187 3087 idyllii
1219 3033 1366 3073 decimi
1398 3031 1556 3087 septimi
1586 3034 1697 3087 quod
1717 3034 1941 3075 Ptolemaei
1962 3033 2223 3088 Philadelphi
2252 3034 2342 3074 lau-
