2626 3532
1212 133 1268 178 19

246 262 412 304 natales
445 258 599 313 insigni
629 257 807 310 quadam
839 258 962 300 laude
995 259 1244 313 impertiret,
1283 258 1508 300 clarissima
1541 271 1646 311 quae
1680 257 1853 298 heroum
1883 263 1996 298 aetas
2030 257 2126 298 tulit
2161 266 2233 300 aut

257 330 479 374 Homerica
512 327 692 369 carmina
724 334 928 369 noverunt
961 327 1079 369 fortis
1115 328 1271 383 ingenii
1300 328 1487 383 exempla
1520 327 1603 368 duo
1637 326 1923 381 proposuisse,
1962 326 2110 380 quibus
2143 328 2233 382 pari

258 394 403 443 'ordine
432 405 474 440 et
503 397 708 450 aequabili
736 399 924 439 oratione
955 398 1101 438 tertius
1121 398 1405 439 adnecteretur
1422 399 1700 448 Ptolemaeus,
1728 404 1776 437 ut
1804 397 1872 437 ille
1901 397 1981 437 hoc
1999 397 2120 438 modo
2149 413 2233 438 non

260 473 396 513 minus
430 468 565 508 clarus
599 482 722 520 quam
751 468 940 509 Achilles
975 474 1018 508 et
1050 467 1274 509 Diomedes
1308 481 1385 509 nec
1419 468 1552 508 minus
1587 467 1706 507 claris
1742 481 1865 519 quam
1900 465 1959 506 illi
1999 467 2232 519 parentibus

263 546 386 584 natus
414 537 615 593 imprimis
644 537 792 579 bellica
818 536 942 580 laude
971 537 1022 579 iis
1051 551 1219 593 compar
1247 537 1471 589 diceretur;
1509 538 1567 578 ita
1596 537 1701 579 enim
1736 541 1860 591 poeta
1888 536 1930 576 in
1958 535 2114 589 reliqua
2142 550 2231 576 ora-

260 611 385 651 tionis
414 609 690 648 concinnitate
719 608 892 661 λαοφόνον
921 609 1129 661 Διομήδεα,
1158 607 1368 649 duanam-dv
1393 608 1570 660 Ἀχιλῆα,
1599 605 1783 660 αἰχμηταὶν
1812 609 2038 658 Πτολεμαῖον
2067 621 2231 659 compo-

262 681 358 722 suit.
418 677 543 729 Quod
570 693 667 718 vero
696 679 802 719 ratio
832 693 913 732 qua
940 679 1012 719 illa
1039 679 1119 720 tria
1146 679 1310 720 nomina
1339 680 1530 733 coniungi
1559 678 1823 732 intelligimus
1852 677 1966 718 nulla
1994 690 2098 718 voce
2128 676 2232 718 indi-

261 755 377 793 catur
406 748 480 790 sed
508 763 559 790 ex
586 748 687 803 ipsis
717 749 964 804 comparatis
993 749 1223 793 nominibus
1252 763 1420 790 necesse
1451 756 1515 791 est
1543 749 1826 804 perspiciatur,
1861 748 1940 788 hac
1970 752 2086 801 parte
2114 755 2231 801 puta-

262 834 354 862 mus
383 819 463 859 hoc
494 819 725 872 exemplum
754 820 885 861 tribus
904 834 1019 873 ‚quae
1050 827 1144 860 ante
1175 820 1493 874 disceptavimus
1528 820 1739 870 accedere,
1775 819 1985 859 discedere
2014 825 2149 857 autem
2179 818 2230 857 ab

262 891 314 931 iis
343 889 516 930 maxime
546 903 595 929 eo
625 888 737 942 quod
762 889 959 942 Achilles,
987 890 1211 931 Diomedes
1242 890 1429 944 exempla
1457 897 1566 940 sunt,
1596 904 1679 930 non
1709 889 1869 940 similia,
1899 888 2035 941 qualia
2062 887 2121 927 illi
2150 887 2231 927 loci

260 961 424 1001 habent.
484 960 625 1012 Atque
658 960 740 1000 hoc
769 975 899 1014 genus
928 960 1036 1001 idem
1068 968 1210 1014 poeta,
1248 976 1330 1013 quo
1366 962 1526 1014 saepius
1560 961 1640 1000 iam
1674 974 1748 1012 per
1776 959 1882 999 hanc
1910 958 2231 1012 disputationem

260 1029 325 1071 usi
355 1043 510 1082 sumus,
539 1029 726 1085 praeivit,
754 1029 971 1083 Pindarus,
1000 1030 1113 1072 velut
1142 1045 1234 1071 cum
1252 1031 1310 1071 ita
1331 1030 1432 1071 dicit
1451 1030 1572 1071 Nem.
1591 1031 1630 1082 9,
1651 1030 1702 1071 39
1734 1029 1875 1081 λέγεται
1904 1026 1972 1082 μοὶν
1988 1022 2142 1080 Ἕκτορι
2170 1026 2230 1080 μὲν

259 1100 363 1149 κλέος
382 1098 541 1152 οἷνθῆσαι
560 1099 798 1152 Σκαμάνδρου
815 1100 991 1154 χεύμασιν
1009 1100 1139 1152 α’γχοῦ,
1169 1101 1458 1154 βαθυκρήμνοισι
1486 1099 1523 1140 δ’
1542 1099 1638 1154 ἄμφ’
1656 1102 1785 1148 α’κταῒς
1808 1097 1978 1150 Ἑλώρου,
2011 1096 2088 1140 ἔνθ’
2104 1098 2229 1149 Ἀρέας

257 1168 367 1221 πόρον
385 1164 571 1220 ἅνθρωποι
598 1170 771 1217 καλέοισι,
802 1171 964 1221 δέδορκεν
984 1169 1086 1211 παιδὶ
1114 1170 1212 1212 τοῦτ’
1230 1169 1476 1224 Ἁγησιδάμου
1503 1170 1631 1222 φέγγος
1660 1171 1692 1211 ἓν
1712 1168 1839 1222 αἷλικίᾳ
1868 1168 2005 1221 πρώτᾳ,
2035 1183 2140 1221 quae
2170 1169 2229 1209 sic

256 1241 578 1294 interpretantur
605 1237 667 1281 ‘ut
695 1240 867 1282 Hectori
896 1241 948 1282 ad
979 1240 1275 1283 Scamandrum
1305 1241 1435 1296 gloria
1463 1241 1614 1292 floruit,
1644 1241 1703 1281 sic
1723 1239 1917 1281 Chromio
1947 1238 2001 1279 ad
2029 1238 2229 1279 Helorum

256 1311 337 1351 iam
366 1312 408 1351 in
437 1311 568 1365 prima
597 1311 902 1363 adulescentia’‚
931 1317 972 1352 et
1001 1312 1123 1366 Pyth.
1150 1315 1185 1364 l,
1206 1314 1257 1352 76
1287 1312 1437 1365 α’ρέομαι
1466 1309 1539 1364 πᾶρ
1569 1311 1629 1364 μὲν
1657 1312 1861 1363 Σαλαμῖνος
1887 1308 2090 1350 Ἀθαναίων
2118 1306 2229 1360 χσῖριν

254 1380 401 1434 μισθόν,
436 1381 468 1421 ἐν
497 1380 654 1434 Σπάρτᾳ
682 1380 719 1420 δ’
738 1381 822 1432 ἐρέω
850 1378 920 1432 πρδ
948 1384 1171 1434 Κιθαιρῶνος
1208 1379 1346 1436 μα’χαν,
1380 1385 1478 1422 ταῖσι
1507 1380 1662 1435 Μήδειοι
1694 1381 1805 1433 κοίμον
1844 1378 2091 1432 ἀγκυλότοξοι,
2129 1377 2228 1430 παραῖ

254 1450 296 1490 δὲ
329 1448 392 1490 τοῖν
421 1445 562 1501 εὔυδρον
590 1448 701 1491 durabo
727 1449 848 1504 Ἱμέρα.
882 1451 1069 1491 παίδεσσιν
1096 1444 1198 1505 ῧμνον
1226 1450 1450 1505 Δεινομένευς
1483 1451 1662 1500 τελέσαις;
1690 1449 1811 1504 ‘quae
1845 1451 1947 1491 nihil
1977 1450 2055 1490 sibi
2083 1450 2228 1489 volunt

257 1519 384 1561 aliud’
412 1520 738 1574 (Schneidewini
772 1522 899 1562 verba
932 1528 1027 1562 sunt
1060 1537 1100 1575 p.
1127 1523 1230 1576 192>
1258 1519 1393 1576 ‘quam
1430 1522 1803 1576 praestantissimas
1839 1521 2151 1560 Atheniensium
2186 1527 2227 1559 et

260 1589 554 1645 Spartanorum
575 1591 769 1633 victorias
789 1591 840 1632 de
859 1592 1043 1634 barbaris
1072 1598 1299 1646 reportatas
1324 1592 1486 1646 aequari
1515 1606 1656 1647 pugna
1674 1591 1929 1640 Himerensi3
1961 1596 2003 1631 et
2031 1595 2078 1630 ut
2097 1589 2226 1631 Athe-

256 1662 321 1700 nis
351 1667 394 1699 et
422 1660 595 1714 Spartae
624 1662 727 1701 nihil
756 1663 964 1714 acceptius
994 1663 1048 1701 sit
1081 1662 1225 1702 auditu
1255 1677 1376 1715 quam
1404 1663 1597 1702 victorias
1630 1662 1741 1711 illas,
1778 1663 1836 1702 sic
1870 1661 1972 1700 nihil
2008 1660 2226 1700 iucundius

256 1729 544 1772 Dinomenidis
565 1745 687 1783 quam
706 1731 991 1772 Himerensem
1010 1731 1223 1772 victoriam
1247 1731 1438 1774 laudibus
1458 1730 1676 1773 celebrari?
1719 1729 1881 1783 Quibus
1909 1729 2084 1771 fortasse
2104 1728 2224 1770 adiici

254 1799 352 1840 licet
375 1800 573 1853 Aeschyli
601 1800 652 1841 de
674 1799 931 1854 Choephoris
960 1816 999 1841 v.
1021 1801 1101 1842 928
1133 1798 1239 1854 ἔμολε
1268 1801 1329 1856 μὲν
1357 1801 1443 1842 δίκα
1471 1801 1690 1855 Πριαμίδαις
1718 1800 1853 1853 χρόνῳ,
1888 1799 2076 1851 βαρύδικος
2105 1799 2223 1839 ποινά·

253 1865 361 1922 ἔμολε
389 1867 427 1908 δ’
445 1869 478 1917 ἐς
507 1868 614 1923 δόμον
643 1867 702 1910 τὸν
728 1870 980 1923 Ἀγαμέμνονος
1009 1871 1157 1919 διπλοῦς
1186 1870 1286 1918 λέων,
1322 1872 1469 1928 διπλοῦς
1489 1867 1616 1924 ”Δρης,
1655 1871 1806 1911 certius
1837 1875 1974 1909 autem
2001 1869 2051 1910 iis
2081 1869 2223 1908 adiun-

254 1939 386 1992 gimus
414 1940 619 1993 Propertii
648 1955 789 1980 versus
819 1942 878 1993 (2,
902 1944 939 1990 1,
961 1942 1032 1994 37)
1063 1942 1210 1993 quibus
1239 1942 1524 1981 Maecenatem
1554 1942 1757 1994 appellat,
1792 1941 1970 1993 bellaque
2004 1954 2137 1992 resque
2167 1942 2225 1978 tui

253 2023 506 2049 memorarem
538 2010 739 2061 Caesarie,
775 2019 812 2050 et
845 2019 887 2051 tu
921 2011 1087 2052 Caesare
1119 2011 1191 2050 sub
1219 2026 1361 2064 mayno
1390 2027 1488 2052 cura
1523 2012 1694 2052 secunda
1720 2010 1847 2062 fores,
1882 2011 1951 2051 ubi
1981 2009 2220 2064 significatis

255 2078 446 2122 Caesaris
476 2081 598 2122 rebus
627 2082 927 2133 illustrioribus,
955 2083 1013 2123 ita
1040 2082 1191 2136 pergit:

759 2158 800 2193 te
830 2167 922 2193 mea
950 2166 1068 2194 musa
1094 2152 1174 2194 illis
1204 2167 1364 2207 semper
1392 2158 1630 2194 contexeret
1659 2154 1796 2204 armis,

824 2230 865 2262 et
894 2230 1056 2276 sumpta
1085 2230 1127 2264 et
1153 2225 1288 2277 posita
1315 2237 1417 2277 pace
1445 2225 1565 2263 fidele
1595 2231 1731 2277 caput.

633 2294 683 2333 37
756 2293 944 2333 Theseus
973 2293 1156 2344 infernis,
1186 2295 1343 2347 superis
1371 2300 1543 2335 testatur
1570 2294 1767 2345 Achilles,

820 2362 887 2402 hic
915 2363 1146 2414 Ixioniden,
1174 2364 1241 2404 ille
1270 2363 1573 2415 Menoetiaden,

251 2444 300 2470 ac
329 2445 540 2486 speramus
559 2432 661 2483 fore,
690 2432 769 2472 hoc
789 2432 950 2473 dicendi
971 2447 1135 2486 genere,
1165 2433 1277 2486 quod
1296 2440 1508 2488 poetarum
1529 2440 1656 2474 artem
1675 2434 1872 2488 imprimis
1894 2434 2025 2485 decet,
2055 2433 2212 2487 plenius

248 2508 481 2555 perspecto,
509 2509 556 2543 ut
580 2502 770 2543 desinant
790 2503 919 2543 critici
939 2503 1041 2544 haec
1060 2504 1325 2558 integerrima
1343 2504 1468 2545 verba
1487 2505 1544 2558 (v.
1562 2505 1627 2545 37.
1647 2506 1718 2559 38)
1741 2511 1782 2545 et
1801 2504 1879 2545 hoc
1900 2511 2024 2558 poeta
2042 2504 2212 2545 maxime

248 2570 387 2625 digna,
417 2573 512 2626 quia
541 2573 729 2626 exempla
756 2573 879 2613 allata
907 2574 1221 2626 comparationis
1251 2575 1414 2615 vinculo
1445 2580 1602 2626 carent,
1632 2576 1674 2614 in
1704 2575 1961 2628 corruptelae
1991 2580 2061 2614 aut
2089 2574 2211 2613 inter-

245 2641 466 2692 polationis
487 2643 639 2682 crimen
658 2657 815 2696 rapere.
860 2642 970 2682 Illud
989 2642 1176 2684 addimus
1197 2643 1247 2684 de
1268 2658 1391 2685 versu
1399 2644 1661 2695 Theocriteo,
1681 2643 1782 2686 ἄλλα
1800 2645 2040 2699 particulam
2057 2644 2211 2696 (v.55),

246 2724 352 2761 quae
380 2713 553 2754 maxime
574 2712 836 2766 Droysenum
866 2727 891 2752 a
910 2728 1006 2754 vera
1034 2714 1192 2754 ratione
1222 2713 1407 2766 abduxit,
1438 2730 1489 2755 ne
1519 2716 1610 2768 quis
1639 2716 1681 2756 in
1711 2715 1912 2770 gravioris
1941 2712 2208 2768 oppositionis

244 2779 327 2820 vim
348 2782 525 2836 accipiat
553 2783 604 2825 ab
634 2783 714 2824 hoc
742 2783 834 2823 loco
856 2782 1118 2835 alienam„ut
1137 2798 1259 2839 saepe
1288 2783 1349 2839 μὲν
1378 2785 1602 2840 particulae
1631 2785 1890 2842 respondere,
1919 2785 1976 2825 ita
1994 2796 2102 2824 nunc
2121 2782 2209 2823 sine

242 2848 304 2902 μὲν
330 2865 412 2891 11011
437 2853 556 2893 aliter
579 2854 756 2908 positam
781 2868 903 2907 quam
925 2854 991 2894 vel
1016 2854 1125 2908 apud
1143 2855 1366 2896 Pindarum
1386 2856 1505 2896 Nem.
1524 2858 1563 2908 2,
1585 2851 1640 2897 20‘
1669 2855 1767 2908 παραῖ
1794 2855 1853 2909 μὲν
1880 2854 2085 2908 ὑψιμέδοντι
2104 2857 2208 2903 Παρ-

242 2922 338 2972 νασῷ
366 2921 542 2973 τέσσαρας
571 2924 610 2974 ἔξ
638 2922 782 2965 α’έθλων
811 2921 903 2972 νίκας
931 2922 1111 2977 ἐκόμιξαν,
1141 2922 1241 2965 md
1262 2925 1461 2976 Κορινθίων
1489 2925 1560 2966 ὑπο
1589 2930 1714 2975 φωτῶν
1743 2928 1776 2966 ἐν
1798 2927 1906 2966 ἐσλοῦ
1925 2925 2091 2972 Πέλοπος
2119 2940 2208 2963 πτυ-

241 2991 331 3042 χαῖς
360 2988 455 3032 ὀκτώ
482 2993 669 3044 στεφοῖνοις
699 2991 850 3049 ἔμιχθεν
879 2989 963 3049 ἤδη,
993 2992 1085 3036 ἑπτά
1113 2996 1149 3036 δ’
1170 2995 1202 3038 ἔν
1225 2995 1357 3050 Νεμέᾳ,
1386 3002 1456 3038 aut
1485 3005 1531 3039 at
1555 2997 1597 3038 in
1626 2994 1828 3052 Propertii
1855 3009 1975 3037 versu
2005 2994 2044 3046 3,
2068 2995 2132 3044 ll,
2153 2993 2206 3034 62
