2626 3532
1182 125 1239 168 21

226 257 359 298 tinere
397 252 451 295 ad
487 249 740 305 superiorem
776 248 1138 304 interrogationem
1174 248 1225 289 de
1254 248 1369 289 initio
1401 248 1601 303 capiendo
1637 250 1828 294 relatum:
1866 264 1948 303 quo
1983 252 2104 292 modo
2138 267 2205 293 so-

235 328 320 369 lent
349 327 498 380 poetae
527 319 605 361 sibi
633 319 980 374 interrogantibus
1010 318 1259 374 respondere
1288 319 1387 373 ipsi,
1422 333 1514 359 eum
1545 320 1632 372 alii,
1668 319 1720 360 de
1750 320 1898 373 quibus
1927 321 1970 361 in
1998 324 2207 375 prooemio

235 413 272 438 a.
288 401 598 437 nmcccnmn
618 389 808 440 diximus,
837 395 925 429 tum
939 389 1184 430 Theocritus
1213 389 1302 442 ipse
1321 389 1376 429 id.
1388 401 1501 440 xxn,
1523 390 1574 429 25
1596 390 1786 441 Κάστορος
1815 383 1840 442 ἢ
1859 389 2002 440 πρώτου
2021 392 2204 432 noxve&-

230 483 310 515 κεος
339 458 467 515 ἅρξομ,’
493 455 637 509 deleam
667 455 860 512 οἷμφοτέρω
887 458 1019 512 ὑμνέων
1038 457 1271 499 Πολυδεύκεα
1299 460 1438 510 πρῶτον
1467 456 1574 499 οἷείδω
1608 460 1679 513 (cf.
1699 459 1754 500 id.
1776 471 1868 511 XVI,
1897 460 1945 500 13
1968 462 2060 514 sq.).
2120 460 2204 503 Sed

231 538 313 580 hoe
345 543 589 586 responsum
625 543 720 570 cum
754 528 808 570 ad
842 543 1009 571 sensum
1043 529 1152 570 illius
1186 529 1552 583 interrogationis,r
1576 543 1661 570 non
1690 530 1743 570 ad
1773 530 1860 570 eius
1889 530 2061 571 formam
2092 537 2205 572 reete

233 607 448 651 referatur,
476 600 556 641 hoe
583 599 736 640 indicio
765 600 844 650 usi,
873 606 920 640 ut
949 600 1071 640 simul
1098 598 1158 639 illi
1178 598 1395 639 offensioni
1414 613 1676 641 coemamus
1705 615 1811 653 quae
1832 614 1882 640 ex
1901 600 2076 642 transitu
2096 601 2203 642 facto

234 692 258 718 a
277 669 581 726 comparatione
611 667 664 710 ad
691 669 925 725 primariam
956 668 1200 711 sententiam
1228 668 1344 709 nasei
1362 668 1591 721 videbatur,
1619 668 1877 711 librariorum
1906 670 2027 725 eulpa
2045 685 2205 712 versum

235 743 428 786 detritum
457 740 727 794 suspicamur,
757 753 840 792 quo
869 745 1111 793 recuperato
1142 744 1184 779 et
1211 738 1348 779 hiatus
1377 739 1445 779 ille
1465 740 1661 780 orationis
1682 754 1802 793 quem
1822 740 1998 781 diximus
2019 742 2206 794 supplea-

235 821 304 855 tur
323 818 365 853 et
383 809 718 863 interrogationis
738 810 909 850 formam
929 823 1126 862 responso
1147 809 1455 849 convenientem
1475 810 1775 861 nanciscamur,
1790 810 1904 850 velut
1921 810 2000 851 hoe
2021 811 2205 865 exemplo

729 879 835 920 Ἴδαν
863 880 896 927 ἐς
925 875 1163 929 πολύδενδρον
1191 874 1276 930 ἀνὴρ
1304 876 1486 931 ὑλατόμος
1515 876 1635 920 ἐλθών

620 952 670 991 10
741 946 943 996 παπταίνει,
973 947 1161 999 παρεόντος
1191 943 1293 1000 ἅδην,
1323 947 1438 989 πόθεν
1467 942 1612 1001 ἄρξεται
1641 947 1753 1000 ἔργου.

745 1021 854 1074 [τοῖος
882 1018 1071 1059 παπταίνω
1099 1015 1200 1070 κᾰγα)
1228 1016 1341 1060 πόθεν
1369 1012 1523 1072 ἄρξομαι
1551 1010 1686 1074 Zimaram]

620 1093 666 1131 11
740 1087 781 1130 τί
805 1091 941 1142 πρῶτον
970 1075 1180 1141 καταλέξω;
1210 1085 1285 1128 ἐπεὶ
1314 1085 1416 1139 ποίρα
1444 1085 1552 1141 μυρία
1581 1088 1688 1129 εἰπεῖν

743 1158 812 1202 οἷ’σι
840 1157 921 1203 θεοὶ
949 1157 1007 1200 τὸν
1037 1153 1179 1211 ἄριστον
1207 1158 1380 1213 ἐτίμησαν
1407 1157 1604 1211 βασιλήων.

744 1232 783 1271 ἐκ
813 1230 984 1281 πατέρων.
1033 1226 1101 1277 οἷὸς
1130 1228 1192 1282 μὲν
1222 1227 1279 1281 ἔην
1307 1229 1450 1269 τελέσαι
1480 1229 1571 1282 μέγα
1602 1227 1698 1281 ἔργον

619 1303 669 1342 14
741 1300 916 1353 Λαγείδας
946 1300 1186 1352 Πτολεμαῖος.

235 1374 288 1415 In
309 1387 390 1426 quo
419 1387 470 1413 ne
491 1372 582 1426 quis
603 1371 762 1413 dubitet
785 1370 825 1410 ἐκ
844 1369 1004 1421 πατέρων
1024 1375 1087 1410 est
1114 1367 1154 1410 ‘a
1181 1368 1431 1423 parentibus'
1459 1369 1571 1422 quod
1600 1375 1647 1409 ut
1676 1383 1799 1410 sensu
1828 1371 2013 1424 poscitur
2043 1372 2102 1411 ita
2130 1386 2207 1412 usu

238 1442 541 1497 comprobatur.
586 1441 777 1495 Duplieis
808 1445 943 1479 autem
973 1440 1307 1492 interrogationis
1338 1453 1461 1491 quam
1491 1439 1681 1478 addendo
1706 1439 1928 1489 effecimus,
1957 1440 2072 1482 πόθεν
2101 1436 2207 1492 ἔρξο-

237 1529 304 1566 μαι
331 1506 454 1565 ὕμνου,
491 1511 534 1551 τί
557 1514 697 1561 πρῶτον
725 1510 931 1561 καταλέξω,
967 1508 1197 1562 exemplum
1227 1515 1314 1550 esto
1342 1508 1632 1549 Theocriteum
1664 1510 1703 1560 2,
1724 1511 1776 1550 64
1815 1511 1868 1550 νῦν
1898 1509 1945 1562 δὴ
1973 1510 2081 1564 μούνη
2110 1512 2208 1552 ἐοῖσα

237 1580 353 1625 πόθεν
381 1579 440 1623 τὸν
469 1578 583 1633 ἔρωτα
612 1579 796 1632 δακρύσως
829 1580 867 1620 ἐκ
896 1575 985 1628 τίνος
1015 1574 1193 1632 ἇρξωμαι;
1221 1577 1275 1627 τίς
1303 1595 1364 1631 μοι
1392 1575 1500 1618 κακὸν
1528 1572 1638 1631 ἄγαγε
1665 1581 1788 1630 τοῦτ-ος
1825 1585 1866 1620 et
1894 1580 1975 1620 hoc
2004 1581 2208 1635 Propertii

242 1656 279 1704 1,
302 1654 368 1704 18,
389 1654 413 1692 5
442 1653 548 1692 unde
577 1660 662 1692 tuoe
684 1652 864 1705 primum
893 1657 1077 1703 repetam,
1107 1663 1194 1689 mea
1219 1649 1399 1703 Cynthia,
1420 1647 1581 1699 fastus?
1609 1639 1718 1703 quod
1734 1651 1832 1690 mihi
1851 1651 2076 1703 dasflendi,
2102 1652 2207 1706 Cyn—

241 1725 335 1774 thia,
359 1724 632 1777 principium?

429 1793 635 1844 Diximus,
665 1792 763 1846 quid
791 1792 908 1832 nobis
939 1790 1155 1831 verisimile
1186 1790 1317 1831 visum
1348 1790 1415 1840 sit,
1449 1804 1695 1843 quamquam
1723 1791 1826 1831 nihil
1854 1792 2009 1835 firmius
2040 1799 2207 1833 conten·

241 1865 387 1906 dimus.
439 1862 485 1905 Si
514 1878 590 1905 nos
620 1863 829 1917 deceperit
859 1862 1106 1912 coniectura,
1135 1865 1297 1915 gratum
1326 1860 1476 1901 facient
1504 1861 1747 1915 interpretes
1779 1861 2072 1904 dubitationem
2103 1878 2206 1917 quae

240 1949 315 1975 nos
355 1934 575 1974 irretiverit
610 1933 839 1974 accuratius
877 1931 1181 1986 interpretando
1221 1931 1457 1972 eximentes.
1524 1931 1691 1971 Interim
1729 1947 1805 1973 nos
1846 1947 1929 1973 non
1965 1935 2206 1986 poenitebit,

240 2006 276 2046 si
312 2012 448 2045 tamen
485 2004 721 2058 contigerit,
758 2003 810 2042 ad
847 2002 995 2056 poetici
1029 2001 1227 2042 sermonis
1269 2006 1454 2041 naturam
1492 2003 1645 2043 rectius
1687 2002 1982 2044 aestimandam
2023 2004 2206 2045 nonnihil

241 2074 478 2115 contulisse.

430 2162 516 2204 Ser.
547 2178 600 2202 m.
623 2162 727 2203 Dee.
758 2177 793 2203 a.
815 2159 1271 2202 MDCCCLXXXIV.
