2626 3532
584 851 1196 912 VMVERSITATIS
1233 853 1775 912 LITTERARIAE

803 1004 1173 1052 FRmEchE
1208 1003 1562 1052 GVILELMAE

420 1145 985 1228 RECTOR
1058 1148 1229 1228 ΕΤ
1298 1146 1949 1229 SENATVS.

200 1378 316 1467 De
345 1421 555 1481 Thgocriti
583 1421 768 1463 versibus
797 1421 1005 1464 nonnullis
1034 1421 1282 1477 disputaturi
1312 1436 1467 1474 sumus,
1496 1437 1580 1464 non
1609 1437 1690 1476 quo
1720 1438 1868 1478 magna
1897 1428 1968 1465 aut
1995 1423 2176 1479 insignia

197 1492 344 1534 afferre
372 1493 593 1547 possimus,
624 1492 698 1534 sed
726 1497 774 1533 ut
798 1492 896 1533 data
915 1493 1132 1534 occasione
1154 1492 1298 1534 doctos
1327 1492 1629 1544 adulescentes,
1658 1493 1807 1546 quibus
1837 1494 1941 1535 haec
1968 1495 2179 1548 prooemia

198 1564 339 1605 dicata
370 1577 461 1605 esse
490 1563 691 1615 volumus,
724 1562 778 1603 ad
807 1563 1033 1618 gustandas
1061 1569 1209 1618 poetae
1240 1562 1491 1618 Syracusani
1519 1577 1692 1605 veneres
1722 1577 1916 1605 vocemus
1945 1564 2077 1618 iisque
2106 1578 2179 1605 va-

201 1634 304 1673 riam
331 1633 478 1673 horum
507 1633 736 1672 studiorum
765 1633 984 1673 utilitatem
1012 1633 1235 1689 philologis
1264 1648 1348 1673 non
1369 1634 1708 1674 contemnendam
1739 1642 1779 1674 et
1798 1649 1900 1675 voce
1930 1642 1972 1675 et
1991 1635 2178 1688 exemplo

201 1703 548 1744 commendemus.

393 1785 411 1813 1
458 1773 656 1814 Dicemus
692 1778 828 1813 autem
863 1773 1037 1827 primum
1075 1773 1127 1814 de
1161 1773 1305 1828 idyllio
1341 1773 1501 1815 decimo
1532 1780 1698 1828 quarto,
1736 1775 1802 1815 cui
1833 1774 2010 1824 Κυνίσκας
2046 1772 2128 1826 ἔρως
2157 1771 2184 1825 ἧ

205 1841 393 1895 Θυαῖνιχος
426 1843 680 1894 inscribitur,
716 1844 869 1884 rectius
902 1844 1079 1885 fortasse
1113 1843 1156 1884 in
1184 1844 1459 1886 Ambrosiano
1489 1843 1631 1886 codice
1662 1845 1742 1886 222
1773 1845 1838 1899 (k)
1872 1860 1986 1886 mera
2017 1846 2183 1887 nomina

204 1914 543 1955 interlocutorum
569 1914 744 1964 Αἰσχίνας
760 1945 769 1954 .
787 1912 973 1965 Θυῶνιχος
1002 1914 1185 1967 praefixa
1213 1920 1328 1955 sunt:
1361 1929 1534 1967 quorum
1563 1915 1810 1966 Aeschines,
1839 1922 1985 1956 auctor
2012 1917 2085 1967 rei,
2115 1931 2185 1956 ex-

206 1983 353 2039 positis
381 1982 623 2039 popularem
652 1983 694 2024 in
714 1983 880 2025 modum
908 1983 995 2025 suis
1025 1996 1118 2024 cum
1138 1981 1319 2038 Cynisca
1346 1983 1476 2025 amica
1495 1983 1712 2026 discordiis
1741 1985 1848 2027 natis
1870 1985 2039 2027 carmini
2069 1999 2185 2026 rarae

206 2055 471 2095 iucunditatis
507 2054 671 2094 laudem
701 2055 903 2105 vindicat,
937 2054 1207 2107 Thyonichus
1235 2069 1327 2095 cum
1356 2055 1547 2106 consilia,
1585 2056 1735 2108 quibus
1765 2057 1940 2096 amicum
1970 2056 2184 2098 sublevare

207 2124 370 2176 studet,
404 2123 458 2165 ad
491 2124 718 2165 Ptolemaei
752 2123 1017 2178 Philadelphi
1048 2123 1193 2175 laudes
1229 2125 1445 2175 convertit,
1476 2131 1624 2179 poetae
1659 2125 2006 2167 necessitudinem
2043 2140 2185 2180 regum

211 2193 587 2236 Alexandrinorum
622 2199 692 2235 aut
727 2199 857 2236 ortam
902 2198 971 2235 aut
1006 2193 1204 2235 orientem
1237 2193 1388 2249 prodit.
1446 2194 1583 2237 Huius
1621 2195 1749 2250 igitur
1784 2194 1979 2250 colloquii
2013 2195 2186 2247 initium,

209 2260 263 2306 de
293 2279 375 2319 quo
406 2264 495 2305 solo
531 2279 720 2320 agemus,
754 2265 881 2320 vulgo
916 2265 976 2305 sic
1005 2265 1248 2306 adornatum
1282 2265 1470 2318 interque
1500 2265 1822 2318 colloquentium
1856 2279 2056 2320 personas
2085 2266 2190 2306 divi-

207 2350 302 2376 sum
331 2335 398 2375 edi
428 2335 544 2376 solet.

1067 2408 1333 2447 ΑΙΣΧΙΝΗΣ.

724 2473 871 2529 Χαίρειν
900 2472 1025 2518 πολλαῖ
1053 2472 1112 2518 τᾶν
1139 2470 1251 2529 ἄνδρα.
1280 2474 1476 2528 Θυώνιχον.

1068 2563 1346 2602 ΘΤΩΝῙΧΟΣ.

1513 2613 1615 2658 ἄλλα
1646 2622 1791 2658 τοιαῦτα

727 2670 899 2726 Αἰσχίνᾳ.

1072 2733 1340 2770 ΑΙΣΧΙΝΗΣ.

932 2797 977 2847 αἷς
1006 2799 1156 2850 χρόνιος.

1069 2873 1348 2912 OTQMXOE.

1170 2936 1331 2993 χρόνιος
1361 2938 1404 2981 τί
1425 2939 1479 2987 δέ,
1495 2957 1548 2982 τοι
1576 2938 1618 2981 ‘1⁷0x
1646 2940 1813 2995 μέλημας

1882 3009 1938 3057 1*
