2626 3532
1227 149 1284 192 15

266 276 388 320 dibus
424 274 605 317 dicatum
639 277 714 314 est.
774 271 861 316 Sed
895 273 946 315 ab
981 272 1100 314 initio
1137 271 1325 314 carminis
1365 271 1641 326 incipiendum
1661 257 1752 313 =est.
1811 271 1956 325 Itaque
1985 272 2243 327 Theocritus,

267 352 317 389 ut
345 346 468 388 huius
497 342 745 384 laudationis
774 342 1020 384 luculentius
1050 343 1104 384 sit
1132 342 1403 397 prooemium,
1431 342 1483 383 ab
1513 342 1579 383 his
1604 342 1791 383 versibus
1821 340 1991 382 orditur.

781 413 850 452 Ἐκ
878 411 973 461 Διὸς
1001 411 1236 465 α’ρχώμεσθα
1264 409 1324 452 καὶ
1354 412 1387 460 ἐς
1415 410 1498 452 Δία
1526 410 1655 464 λήγετε
1684 413 1821 452 Μοῖσαι

781 481 975 525 αἶθαναῖτων
1004 479 1063 523 τᾶν
1090 477 1235 535 ἄριστον
1264 479 1350 535 ἐπὴν
1379 475 1517 537 ᾄδωμεν
1546 480 1693 530 οἰοιδαῖς,

782 551 916 604 ἀνδρῶν
945 551 983 593 δ’
1001 546 1046 593 αὖ
1076 555 1302 607 Πτολεμαῖος
1331 550 1377 593 ἐνὶ
1405 550 1580 605 πρώτοισι
1610 552 1776 605 λεγέσθω

644 634 650 641 ’
683 625 709 664 4
780 620 840 664 καὶ
868 620 1042 677 πυμάτοις
1071 620 1132 664 καὶ
1160 623 1309 678 μέσσος·
1340 622 1362 664 o‘
1386 620 1455 676 γοίρ
1485 623 1771 675 προφερέστατος
1800 621 1943 674 ἀνδρῶν.

272 698 340 739 De
368 694 501 736 tribus
526 693 662 735 verbis
692 693 833 747 primis
863 707 955 735 cum
983 694 1026 734 in
1053 691 1228 736 ὑποθέσει
1254 694 1387 750 idyllii
1416 699 1664 735 memoretur
1681 690 1849 746 ’Δρατεῖᾳ
1876 692 2052 746 κέχρηται
2081 692 2241 749 εἰσβολῇ,

273 767 325 807 de
355 765 435 806 hoc
463 758 662 818 principio
693 762 809 803 ποίντα
832 763 1094 817 τεθρυλημένα,
1124 769 1170 804 ut
1188 779 1319 818 paene
1338 764 1506 805 taedeat
1526 764 1577 804 de
1598 778 1646 804 eo
1666 764 1790 804 verba
1808 764 1956 814 facere,
1987 777 2243 816 quamquam,

273 841 321 877 ut
349 849 491 876 verum
519 834 738 886 fateamur,
774 849 849 875 nos
879 834 1001 888 longe
1030 834 1296 876 dissentimus
1325 835 1377 876 ab
1411 835 1462 876 iis
1498 835 1568 888 qui
1602 834 1846 875 scholiastae
1881 834 2114 874 testimonio
2148 826 2243 875 con-

272 905 339 946 fisi
366 918 443 959 pro
473 909 588 945 certo
618 903 842 956 affirmant,
876 904 1140 946 Theocritum
1174 904 1255 945 hoc
1283 904 1454 945 introitu
1487 918 1607 945 usum
1643 917 1733 944 esse
1761 903 1905 944 Aratei
1940 903 2127 944 carminis
2161 918 2243 944 me-

272 989 427 1016 morem
457 974 568 1026 quod
597 975 648 1015 ab
676 974 822 1015 iisdem
849 975 985 1016 verbis
1014 975 1192 1029 incipiat.
1237 975 1407 1015 Praeter
1427 975 1534 1015 enim
1563 975 1665 1015 haec
1687 975 1767 1014 tria
1786 974 1909 1014 verba
1938 974 1977 1013 ἐκ
1997 971 2089 1022 Διὸς
2117 973 2243 1025 ἀρχώ-

271 1049 396 1097 fascea
430 1044 649 1097 utrobique
685 1059 784 1085 sane
820 1045 1043 1098 conspicuo
1078 1045 1172 1086 loco
1207 1044 1408 1085 collocata
1441 1045 1599 1097 reliqua
1628 1044 1731 1097 quae
1761 1059 1852 1084 cum
1888 1044 1952 1084 his
1981 1045 2117 1085 verbis
2147 1058 2243 1084 con-

272 1115 413 1154 iuncta
447 1119 541 1154 sunt
573 1115 616 1154 in
649 1119 824 1167 utroque
860 1114 1038 1155 carmine
1073 1129 1157 1155 non
1190 1115 1305 1155 tenui
1341 1114 1574 1155 discrimine
1609 1114 1835 1155 discedunt.
1895 1114 2059 1154 Etenim
2089 1115 2242 1155 Aratus

272 1183 438 1237 quidem
466 1184 553 1224 iure
583 1184 622 1224 ἐκ
651 1180 742 1232 Διὸς
772 1183 1004 1237 ἀρχοίμεσθα
1032 1185 1252 1238 praefatur,
1283 1184 1490 1238 quoniam,
1519 1183 1632 1237 quod
1663 1197 1754 1224 cum
1784 1190 2023 1237 argumento
2055 1184 2241 1225 carminis

273 1254 537 1294 coniunctum
565 1258 648 1304 est,
682 1253 835 1306 hymno
864 1255 1004 1295 Iovem
1033 1255 1309 1308 prosequitur,
1343 1254 1409 1294 cui
1438 1254 1631 1294 mortales
1662 1268 1755 1294 cum
1785 1253 1864 1293 alia
1893 1254 2001 1293 vitae
2031 1253 2243 1294 commoda

271 1328 441 1377 accepta
470 1322 639 1362 tulerint
666 1328 755 1362 tum
786 1324 904 1377 signa
933 1324 1128 1365 caelestia
1156 1338 1325 1377 operum
1346 1324 1591 1364 rusticorum
1611 1324 1735 1364 horas
1755 1323 1992 1373 indicantia,
2023 1323 2073 1363 de
2095 1324 2241 1376 quibus

270 1407 363 1432 cum
392 1392 567 1432 maxime
597 1398 762 1433 acturus
784 1398 848 1433 est
866 1400 1003 1446 poeta,
1023 1409 1060 1433 v.
1073 1395 1097 1433 8
1119 1394 1213 1445 λέγει
1239 1393 1276 1432 δ’
1296 1391 1335 1447 (o‘
1358 1391 1463 1446 Ζεύς)
1484 1387 1542 1434 ὅτε
1562 1389 1677 1445 δεξιαὶ
1697 1388 1784 1444 ὧραι
1809 1390 1870 1432 καὶ
1890 1390 1987 1442 φυτοί
2006 1395 2163 1443 γυρῶσαι
2182 1391 2241 1433 καὶ

270 1461 464 1516 σπέρματα
492 1458 610 1503 ποῖντοι
638 1462 836 1512 βαλέσθαι.
880 1460 982 1513 αὐτὸς
1010 1460 1079 1516 γάρ
1108 1462 1198 1504 τάδε
1227 1461 1364 1517 σήματ’
1386 1465 1418 1504 ἐν
1449 1462 1581 1518 οὐρανῷ
1600 1462 1792 1517 ἐστήριξεν.
1835 1463 2077 1504 Theocritus
2108 1470 2241 1504 autem

270 1532 375 1572 nihil
404 1532 456 1573 de
479 1533 580 1573 Iove
608 1533 918 1587 praedicaturus
949 1539 1014 1576 est
1040 1534 1120 1574 hoc
1150 1535 1342 1585 carmine,
1372 1534 1446 1574 sed
1474 1534 1553 1574 hoc
1582 1534 1697 1585 dicit,
1728 1548 1821 1574 cum
1851 1534 2050 1587 optimum
2079 1535 2241 1573 immor-

270 1602 414 1643 talium
443 1603 646 1643 celebrare
675 1604 854 1644 carmine
873 1603 1061 1655 velimus,
1092 1619 1116 1644 a
1134 1604 1235 1644 Iove
1263 1603 1541 1658 incipiendum
1571 1610 1612 1644 et
1639 1604 1681 1644 in
1700 1604 1801 1644 Iove
1831 1603 2100 1645 desinendum
2131 1618 2239 1654 esse;

269 1686 403 1725 neque
433 1672 512 1714 hoc
541 1679 626 1713 tam
654 1673 765 1714 Iovis
795 1687 922 1714 causa
950 1673 1050 1714 dicit
1082 1688 1203 1727 quam
1231 1679 1402 1728 propter
1426 1674 1720 1725 Ptolemaeum,
1750 1688 1870 1727 quem
1899 1675 2117 1727 insequens
2149 1688 2241 1715 sen-

269 1742 396 1782 tentia
424 1747 470 1782 ut
498 1743 728 1782 mortalium
749 1743 946 1796 optimum
976 1743 1177 1798 principio
1208 1749 1249 1784 et
1276 1745 1318 1784 in
1336 1743 1417 1784 fine
1436 1744 1630 1784 celebrari
1660 1744 1785 1784 iubet.
1830 1744 1978 1797 Itaque
1998 1745 2123 1785 verba
2151 1745 2241 1797 qui-

270 1811 364 1851 dem
399 1812 543 1851 eadem
578 1819 673 1852 sunt
707 1812 781 1852 sed
814 1814 1018 1852 sententia
1045 1813 1220 1864 diversa,
1257 1829 1391 1867 neque
1427 1815 1465 1853 ἐκ
1494 1811 1587 1860 Διὸς
1621 1809 1807 1864 ἄρχεσθαι
1841 1814 1908 1853 hic
1943 1821 1984 1853 et
2012 1814 2096 1853 illic
2130 1814 2238 1853 idem

269 1880 489 1934 significat3
519 1888 565 1922 ut
593 1876 815 1923 verendum
844 1883 911 1933 sit,
945 1882 979 1923 si
1008 1882 1108 1923 haec
1137 1882 1256 1924 Arati
1285 1898 1410 1925 causa
1439 1898 1463 1924 a
1490 1883 1711 1925 Theocrito
1741 1883 1856 1924 initio
1888 1883 2075 1924 carminis
2105 1883 2238 1937 posita

268 1965 360 1992 esse
380 1952 583 2004 volumus,
612 1967 663 1993 ne
689 1953 855 1993 nimium
878 1953 1103 1995 tribuamus
1131 1954 1301 1995 fortuito
1331 1955 1550 1996 consensui
1572 1954 1790 1995 verborum
1819 1969 1923 2008 quae
1954 1954 2055 1994 nihil
2084 1954 2237 1995 habent

268 2021 382 2075 quod
410 2023 614 2076 peculiare
645 2024 698 2064 sit
727 2037 776 2064 ac
804 2038 886 2064 non
909 2039 933 2064 a
951 2024 1086 2066 multis
1108 2031 1204 2066 ante
1224 2025 1439 2080 dictum‘).
1485 2024 1568 2067 Sed
1598 2025 1649 2065 de
1670 2027 1826 2066 Aratea
1850 2025 2014 2081 εἰσβολῇ,
2044 2026 2086 2066 in
2116 2040 2236 2079 quam

267 2107 344 2134 nos
372 2108 502 2146 paene
532 2094 648 2134 inviti
677 2094 939 2146 incurrimus,
975 2095 1177 2148 quidquid
1207 2096 1259 2137 ab
1290 2096 1524 2137 hominibus
1554 2096 1686 2136 doctis
1715 2096 1939 2147 iudicatur,
1974 2096 2235 2137 Theocritum

265 2163 530 2217 intelligimus
567 2163 643 2204 has
673 2165 898 2205 sententias
927 2165 1030 2206 duas
1060 2166 1208 2218 quibus
1243 2165 1452 2206 exordium
1486 2166 1617 2220 idyllii
1652 2167 1831 2217 ornavit,
1870 2181 2117 2220 quamquam
2147 2180 2237 2206 ora-

455 2268 492 2316 ⁴⁹)
524 2269 575 2306 Ut
593 2271 780 2307 Hesiodus
808 2272 860 2306 ait
879 2272 1001 2319 theog.
1022 2271 1069 2306 47
1096 2265 1255 2322 δεύτερον
1281 2265 1364 2306 αὖτε
1385 2273 1490 2315 Ζῆνα,
1517 2269 1616 2307 θεῶν
1644 2267 1768 2319 πατέρ’
1787 2264 1849 2315 ἠδὲ
1876 2266 1935 2307 καὶ
1962 2269 2092 2323 ἀνδρῶν
2119 2266 2233 2320 ἀρχέ-

265 2327 372 2373 μεναῖ
392 2329 441 2367 θ’
459 2331 603 2373 ὑμνεῦσι
630 2328 719 2368 θεαὶ
747 2329 904 2381 λη’γουσῖ
926 2332 961 2367 τ’
981 2332 1120 2376 ἀοιδῆς,
1152 2330 1260 2369 ἕσσον
1287 2329 1459 2386 φέρτατός
1486 2334 1557 2370 ἔστι
1585 2333 1683 2370 »θεῶν
1711 2330 1836 2385 κράτεΐ
1857 2350 1894 2370 τε
1922 2329 2097 2381 μέγιστος.
2144 2334 2231 2370 Pin-

265 2395 378 2432 darus
413 2395 520 2433 Nem.
547 2396 569 2433 2
606 2397 656 2433 in.
700 2393 852 2445 ὅθενπερ
884 2391 944 2433 καὶ
975 2394 1156 2448 Ὁμηρίδαι
1189 2396 1332 2448 ῥαπτῶν
1363 2393 1470 2434 ἔπε’ων
1509 2393 1661 2434 ταπόλλ’
1697 2393 1808 2434 ἀοιδοὶ
1846 2391 2041 2448 ἄρχονται,
2078 2394 2157 2435 Ande
2194 2396 2233 2431 ἔκ

262 2453 458 2507 προοιμίου,
503 2459 590 2496 ibid.
612 2460 647 2505 5,
669 2459 718 2497 25
746 2459 782 2495 αἱ
809 2453 847 2496 δὲ
875 2455 1061 2512 πρώτιστον
1088 2455 1148 2501 μὲν
1175 2456 1332 2504 ὕμνησαν
1359 2460 1439 2499 Διός
1466 2455 1664 2513 ἀρχόμεναι
1694 2459 1826 2501 σεμνοὲν
1855 2455 1963 2497 Θέτιν.
2021 2461 2089 2497 Ion
2117 2459 2230 2497 Chius

263 2520 378 2567 (apud
407 2523 638 2559 Athenaeum
665 2535 708 2559 XI
735 2536 770 2570 p.
791 2524 883 2570 463)
918 2519 1124 2562 σπένδοντες
1152 2521 1188 2559 δ’
1209 2523 1328 2572 ἁγνῶς
1352 2520 1511 2576 Ἡρακλέι
1539 2523 1572 2559 τ’
1603 2521 1785 2573 Ἀλκμήνῃ
1813 2541 1869 2567 τε,
1902 2520 2059 2576 Προκλέι,
2091 2519 2229 2574 Περσαῖ-

263 2580 342 2621 δαις
367 2582 399 2619 τ’
429 2584 468 2620 ἔκ
493 2583 577 2623 Anac
603 2581 795 2636 ἆρχὸμενοι
821 2583 980 2629 πῖνωμεν.
1041 2586 1118 2624 Sed
1145 2589 1233 2635 quia
1260 2589 1372 2636 vulgo
1398 2590 1489 2625 haec
1515 2596 1657 2626 tantum
1690 2591 1764 2626 tria.
1791 2591 1905 2626 verba
1936 2589 1974 2624 ἔκ
2000 2585 2080 2624 Διός
2106 2581 2228 2637 ἀρχώ-

260 2645 388 2686 usa-Sa
415 2655 602 2697 tamquam
630 2649 831 2687 Theocrito
866 2663 947 2686 cum
976 2652 1094 2688 Arato
1127 2653 1337 2689 communia
1368 2653 1583 2697 laudantur,
1621 2665 1739 2700 paene
1767 2653 1962 2690 verendum
1997 2660 2053 2688 est
2087 2663 2131 2686 ne
2165 2662 2230 2686 ne-

260 2710 381 2757 glecta
409 2714 600 2760 utriusque
628 2720 759 2760 poetae
787 2715 952 2750 oratione
980 2716 1027 2751 ab
1055 2715 1125 2751 hoc
1153 2727 1277 2752 errore
1306 2718 1439 2753 mentis
1468 2717 1693 2753 inducamur.
1752 2716 1815 2754 Sic
1842 2718 1889 2753 ad
1914 2718 1962 2752 id.
1978 2727 2041 2759 xv,
2063 2715 2083 2751 8
2104 2711 2225 2749 ταῦθ’

258 2769 275 2807 ὁ
304 2769 461 2826 πάραρος
487 2778 588 2820 τῆνος
620 2784 818 2826 postquam
851 2779 1062 2815 Meinekius
1094 2777 1331 2827 ‘Sophoclem
1370 2780 1462 2817 Oed.
1492 2781 1584 2829 Tyr.
1617 2781 1713 2818 1329
1748 2776 1833 2816 τάδ’
1866 2773 1906 2823 ἦν
1931 2775 2128 2815 Ἀπόλλων’
2164 2778 2226 2812 ad-

257 2837 420 2885 scripsit,
449 2851 577 2877 omnes
606 2841 780 2888 deinceps
807 2841 997 2878 Theocriti
1024 2843 1247 2891 interpretes
1275 2844 1403 2880 eodem
1432 2846 1604 2893 exemplo
1632 2851 1801 2888 utuntur-3
1834 2845 1933 2891 quod
1962 2843 2021 2879 ubi
2049 2841 2226 2877 evolveris

256 2905 445 2948 totamque
473 2905 679 2941 orationem
706 2906 919 2954 inspexeris
947 2911 1102 2954 apparet
1128 2907 1315 2944 diversum
1343 2919 1450 2945 esse:
1489 2905 1675 2944 Ἀπόλλων
1702 2903 1788 2944 τάδ’
1815 2893 2090 2951 ἧνζἈπ-ὅλλων,
2117 2901 2225 2950 φίλοι,

255 2962 272 2998 ὁ
300 2962 397 2999 κακοὶ
422 2963 520 3002 κακὰ
546 2970 658 3004 τελῶν
685 2966 751 3009 ἐμοὶ
778 2963 864 3004 τάδ’
893 2967 959 3008 ἐμοὶ
985 2964 1138 3014 oroe'Scoe3
1175 2977 1213 3006 et
1241 2970 1439 3018 Sophoclis
1468 2973 1617 3018 quidem
1645 2973 1885 3020 interpretum
1914 2982 2020 3007 nemo
2045 2969 2228 3005 dubitavit

258 3027 348 3074 quin
377 3029 494 3065 verba
520 3030 574 3066 sic
603 3031 842 3080 iungerentur
865 3029 1051 3068 Ἀπόλλων
1078 3025 1119 3076 ἦν
1145 3031 1164 3069 ὅ
1192 3028 1281 3069 τάδε
1307 3031 1405 3070 κακοὶ
1433 3035 1553 3070 τελῶν.
