2626 3532
1243 180 1300 225 18

278 305 536 360 cognoverit,
567 319 659 345 eum
689 310 882 357 putamus
911 304 1194 345 dubitaturum
1223 305 1275 346 de
1304 305 1432 346 nullo.
1491 305 1640 358 Neque
1669 305 1822 347 desunt
1849 307 1997 348 similia
2024 309 2137 362 apud
2165 311 2270 353 alios

278 381 445 430 poetas,
480 374 594 416 velut
622 374 823 429 Aeschyli
852 374 978 416 verba
1011 374 1055 415 in
1083 375 1396 430 Agamemnone
1432 375 1555 429 (309)
1591 369 1668 428 ἕξος
1701 375 1734 415 τ’
1757 371 1897 427 ἔλειφαί
1926 376 1959 416 τ’
1984 376 2113 429 ἐγχέας
2145 381 2270 434 ταύτῷ·

277 443 375 484 κύτει
418 443 698 494 διχοστατοῦντ’
732 439 790 491 ἅν,
836 445 875 484 ού
920 443 1042 494 φίλω,
1086 445 1341 495 προσεννέποις.
1386 439 1445 483 καὶ
1483 447 1553 484 τῶν
1587 443 1746 484 ἁλόντων
1782 442 1842 484 καὶ
1881 445 2132 498 κρατησάντων
2173 447 2268 498 δίχα

279 511 447 565 φθογγοῖς
477 510 617 553 ἄκουἐιν
648 511 724 553 ἔστι
754 517 942 566 συμφοραῖς
971 516 1104 565 διπλῆς
1135 515 1207 568 (cf.
1229 515 1327 555 ibid.
1346 515 1428 556 930
1444 529 1533 567 sqq.
1566 514 1715 567 quibus
1743 515 1881 556 verbis
1913 530 2038 568 supra
2066 530 2106 568 p.
2127 518 2172 556 ll
2201 518 2266 557 usi

280 586 462 639 sumus),
501 590 572 626 aut
600 598 705 638 quae
733 584 939 626 Pindarus
968 584 1091 626 Nem.
1114 586 1154 637 4,
1182 586 1233 626 82
1265 582 1284 626 ὁ
1312 582 1448 638 χρυσὸς
1478 583 1646 640 ἑψόμενος
1676 582 1782 639 αὐγοῖς
1813 582 1939 638 ἔδειξεν
1968 583 2129 635 σῖπα’σας,
2165 579 2267 641 ὖμνος

280 655 320 694 δὲ
350 655 594 705 τῶνάγαθῶν
624 652 808 707 ἑργμσίτων
836 658 1044 702 βασιλεῦσιν
1075 654 1286 709 ἰσοδαίμονα
1315 657 1438 706 τεύχει
1466 660 1583 705 φῶτα,
1613 657 1666 696 ad
1696 656 1871 696 eundem
1900 656 2068 697 modum
2099 671 2266 711 compa-

282 727 482 765 rationem
512 726 730 766 formatam
761 725 928 775 habent,
958 740 1009 765 ne
1041 726 1226 767 dicamus
1256 727 1553 767 nobilissimum
1583 727 1772 767 carminis
1804 725 2011 780 Olympici
2038 727 2157 779 primi
2188 728 2263 767 ini-

282 796 404 845 tium3
436 802 476 836 et
496 795 716 846 Pindarus,
748 795 814 836 cui
846 795 925 836 hoc
955 811 1086 850 genus
1118 796 1236 837 valde
1266 797 1462 838 familiare
1492 797 1582 848 fuit,
1613 797 1851 851 plerumque
1881 797 2141 838 artificiosius
2170 812 2262 852 per-

282 866 446 918 polivit,
484 872 531 905 ut
567 871 704 905 tamen
741 866 784 905 in
823 880 974 919 magna
1008 867 1205 906 varietate
1246 866 1416 906 eandem
1453 868 1649 908 orationis
1683 868 1854 908 formam
1891 881 2014 921 saepe
2050 881 2263 920 agnoscas.

283 935 369 977 Sed
399 936 560 976 omissis
591 936 699 987 aliis,
736 936 859 976 etiam
888 936 1163 987 Theocriteis,
1194 951 1299 989 quae
1330 936 1411 976 huc
1445 937 1595 976 referre
1624 937 1766 988 liceat,
1795 938 1876 978 illis
1905 938 2035 979 tribus
2066 938 2265 991 exemplis

281 1013 431 1057 quarto
461 1007 552 1045 loco
583 1005 860 1046 adiiciendum
890 1012 1095 1058 putamus,
1126 1008 1313 1057 quamvis
1344 1006 1495 1058 aliquid
1524 1007 1679 1059 proprii
1702 1008 1864 1057 habeat,
1893 1008 1972 1048 hoc
1993 1009 2103 1061 quod
2132 1009 2172 1048 in
2196 1023 2264 1048 eo-

282 1075 376 1116 dem
406 1075 548 1130 idyllio
579 1075 739 1116 decimo
769 1076 944 1130 septimo
974 1075 1134 1129 legitur.

793 1144 936 1198 Ἀργεία
965 1145 1154 1196 κυοίνοφρυ,
1185 1144 1229 1185 σι)
1259 1144 1433 1196 λαοφόνον
1461 1145 1658 1199 Διομήδεα

791 1216 984 1269 μισγομένα
1013 1218 1131 1267 Τυδῆι
1159 1216 1255 1264 τέκες
1286 1213 1505 1267 Καλυδωνῖῳ
1533 1214 1649 1267 α’νδρί,

665 1288 717 1327 55
790 1283 894 1326 dud
923 1282 1028 1333 Θέτις
1057 1281 1297 1334 βαθύκολπος
1327 1283 1534 1326 duona-aaran
1562 1287 1728 1338 Ἀχιλῆα

790 1356 950 1410 Αἰακιδᾷ
980 1358 1119 1408 Πηλῆι,
1155 1355 1195 1395 σὲ
1226 1357 1259 1395 δ’
1284 1354 1450 1410 αἰχμηταὶ
1480 1358 1687 1409 Πτολεμαῖε

791 1426 960 1480 αἰχμητᾷ
988 1424 1209 1478 Πτολεμαίῳ
1238 1424 1415 1478 οίρῖζηλος
1444 1426 1624 1477 Βερενίκα.

278 1498 329 1537 In
362 1512 483 1538 versu
515 1499 566 1538 54
597 1494 820 1549 Καλυδωνῖῳ
849 1495 955 1548 α’νδρί
986 1497 1226 1550 scripsimus
1262 1498 1498 1536 coniectura
1531 1497 1595 1537 usi
1624 1497 1703 1537 Ed.
1725 1496 1892 1548 Hilleri,
1931 1498 2001 1550 qui
2031 1498 2143 1551 quod
2173 1499 2261 1539 vul-

281 1573 403 1621 gatur
433 1567 627 1619 Διομήδεα
659 1597 667 1605 .
685 1598 694 1606 .
726 1566 957 1607 Καλυδώνιον
986 1562 1097 1616 ἄνδρα
1127 1581 1229 1619 quas
1260 1567 1536 1606 dubitationes
1566 1566 1727 1607 afferret
1751 1574 1861 1607 recte
1891 1569 2117 1621 perspexit3
2148 1569 2260 1622 quod

281 1637 580 1679 restituendum
614 1637 832 1691 proposuit
859 1640 977 1689 Τυδῆι
1014 1668 1050 1677 ..
1087 1633 1308 1689 Καλυδωνίῳ
1337 1634 1442 1687 οἱνδρί
1474 1651 1566 1677 cum
1600 1637 1660 1677 rei
1690 1637 2042 1678 accommodatum
2075 1644 2139 1679 est
2172 1644 2259 1679 tum

281 1708 420 1747 subtili
451 1708 741 1759 aequabilitate
778 1708 976 1747 orationis
1015 1707 1231 1746 adiuvatur
1260 1721 1380 1758 quam
1416 1714 1540 1759 poeta
1578 1706 1641 1746 his
1671 1707 1801 1747 tribus
1831 1710 2045 1748 sententiis
2075 1708 2260 1748 studiose

281 1784 462 1818 sectatus
493 1784 568 1817 est.
615 1777 681 1816 De
713 1777 883 1817 consilio
903 1777 1116 1818 Theocriti
1147 1777 1257 1830 quod
1286 1776 1349 1816 his
1370 1777 1555 1817 versibus
1585 1782 1805 1817 exsecutus
1831 1778 1898 1828 sit,
1927 1793 2009 1818 non
2039 1792 2259 1831 possumus

280 1847 504 1900 praeterire
536 1847 814 1899 opinationem
846 1847 1051 1898 quandam
1075 1863 1196 1900 quam
1217 1847 1392 1887 Ioannes
1414 1845 1627 1886 Gustavus
1649 1846 1908 1900 Droysenus,
1937 1848 1999 1888 vir
2018 1848 2261 1888 immortalis

279 1917 516 1967 memoriae,
539 1917 581 1956 in
607 1916 712 1957 libro
738 1916 1002 1958 celeberrimo
1024 1917 1088 1958 cui
1107 1915 1333 1957 ‘historiam
1359 1915 1603 1957 hellenismi’
1622 1916 1830 1970 inscripsit
1848 1916 1928 1957 vol.
1938 1920 2034 1969 n1,l
2057 1932 2096 1971 p.
2115 1918 2195 1958 324
2216 1932 2256 1957 n.

279 1987 483 2040 exposuit.
542 1986 749 2026 Achillem
787 1987 894 2026 enim
932 1993 972 2026 et
1006 1986 1249 2027 Diomedem
1286 1986 1337 2025 ob
1375 1986 1653 2026 diversitatem
1692 1987 1843 2040 ingenii
1881 1988 1989 2026 inter
2023 2002 2066 2027 se
2104 1988 2256 2041 opponi

278 2063 392 2098 ratus
422 2057 689 2097 Theocritum
724 2057 885 2111 putavit
920 2058 1042 2097 etiam
1072 2057 1328 2107 Ptolemaeo,
1366 2057 1435 2109 qui
1470 2056 1559 2110 ipse
1590 2070 1683 2096 cum
1712 2056 1888 2098 Achillis
1917 2055 2068 2097 ‘lucida
2097 2057 2258 2097 natura’

280 2129 546 2179 conferretur,
586 2129 823 2181 oppositum
853 2129 1032 2168 voluisse
1062 2128 1245 2168 eiusdem
1276 2129 1420 2168 aetatis
1450 2128 1696 2181 principem,
1730 2127 1946 2169 Diomedis
1976 2129 2157 2170 moribus
2187 2130 2257 2181 qui

281 2200 424 2241 similis
454 2200 618 2240 fuisset:
649 2213 770 2252 quem
801 2199 965 2239 nomine
997 2199 1218 2254 appellare,
1249 2198 1342 2252 quia
1369 2198 1477 2239 ultro
1508 2198 1600 2252 quis
1629 2197 1833 2239 diceretur
1862 2199 1994 2252 quivis
2023 2198 2255 2254 intelligens

280 2271 413 2310 lector
442 2270 724 2323 cognovisset,
762 2269 1063 2323 supersedisse,
1099 2269 1224 2309 fuisse
1261 2274 1395 2309 autem
1424 2269 1681 2323 Antigonum
1712 2268 1912 2308 Demetrii
1941 2269 2082 2309 filium.
2140 2269 2257 2311 Haec

281 2356 386 2393 quae
417 2341 484 2380 alii
520 2340 744 2393 probarunt
772 2340 892 2380 nobis
925 2354 973 2380 eo
1005 2354 1157 2394 genere
1188 2338 1397 2378 divinandi
1431 2344 1549 2392 parta
1577 2338 1770 2379 videntur
1799 2353 1881 2391 quo
1910 2339 2173 2393 Droysenus,
2209 2345 2256 2379 ut

279 2416 365 2451 erat
395 2410 519 2450 homo
549 2402 747 2462 imprimis
778 2411 1034 2463 ingeniosus,
1074 2410 1115 2449 in
1151 2409 1229 2449 hac
1262 2410 1435 2462 penuria
1470 2409 1796 2449 testimoniorum
1827 2423 1910 2449 non
1940 2410 1999 2449 ita
2031 2423 2124 2449 raro
2154 2423 2253 2449 usus

278 2488 354 2531 est,
385 2486 431 2521 ut
462 2480 582 2520 etiam
614 2480 859 2521 carminibus
889 2479 1010 2520 huius
1041 2479 1186 2520 aetatis
1217 2493 1319 2532 quae
1350 2493 1442 2519 cum
1472 2493 1606 2519 rerum
1636 2479 1832 2519 memoria
1862 2479 2081 2519 coniuncta
2104 2486 2255 2530 essent,

276 2566 585 2603 nonnumquam
617 2551 826 2604 opinando
857 2552 1073 2604 affingeret
1111 2565 1217 2602 quae
1246 2550 1381 2590 inesse
1412 2555 1598 2602 cuperet,
1639 2564 1843 2603 saepeque
1877 2550 1926 2590 iis
1961 2555 2047 2590 tum
2081 2549 2255 2590 maxime

275 2621 584 2674 interpretando
616 2627 795 2671 noceret,
825 2636 918 2661 cum
939 2626 1065 2661 artem
1094 2635 1235 2660 eorum
1262 2619 1454 2659 adiuvare
1485 2625 1556 2658 aut
1575 2633 1600 2657 a
1619 2619 1784 2659 crimine
1814 2619 1982 2660 absurdi
2011 2620 2146 2660 levare
2176 2619 2254 2660 sibi

273 2692 495 2732 videretur.
540 2691 669 2731 Velut
698 2691 779 2731 hoc
808 2691 899 2730 loco
928 2690 1168 2731 incredibile
1190 2689 1364 2739 videtur,
1393 2688 1638 2742 prudentem
1668 2695 1832 2742 poetam
1863 2688 1966 2729 adeo
1996 2690 2154 2729 ratione
2185 2703 2255 2729 ex-

276 2764 427 2803 cidisse
456 2768 504 2802 ut
533 2776 625 2802 cum
648 2776 697 2802 eo
719 2776 840 2814 quem
862 2762 981 2801 unice
1001 2761 1197 2801 extollere
1218 2759 1408 2813 cupiebat
1427 2758 1664 2799 Ptolemaeo
1695 2759 1865 2800 alterum
1894 2759 2076 2800 eiusdem
2107 2760 2253 2800 aetatis

273 2834 522 2888 principem,
560 2832 618 2873 illi
651 2832 721 2886 qui
750 2838 896 2873 natura
932 2839 973 2872 et
1007 2832 1190 2873 moribus
1221 2830 1436 2885 oppositus
1467 2834 1593 2880 esset,
1632 2830 1859 2884 comparari
1889 2829 2031 2879 vellet3
2072 2829 2183 2883 quod
2218 2831 2254 2871 si

273 2912 410 2945 tamen
445 2904 578 2944 voluit
612 2903 877 2953 Theocritus,
917 2902 1093 2942 tacendo
1130 2901 1283 2952 effecit,
1322 2915 1444 2940 nemo
1480 2906 1526 2940 ut
1561 2900 1666 2941 hanc
1700 2901 1843 2940 miram
1880 2901 1965 2941 eius
2001 2901 2254 2941 voluntatem

273 2975 465 3028 augurari
494 2979 648 3027 posset.
708 2973 800 3013 Nos
830 2972 1041 3012 divinandi
1073 2979 1158 3011 arte
1188 2972 1335 3025 procul
1365 2971 1518 3020 habita,
1555 2970 1650 3009 dum
1680 2971 1808 3010 verba
1836 2971 2165 3024 interpretamur,
2199 2971 2257 3009 ita

273 3046 568 3095 existimamus,
598 3043 876 3095 Theocritum,
906 3049 952 3083 ut
980 3042 1207 3084 Ptolemaei
1238 3040 1500 3095 Philadelphi
1532 3040 1611 3082 hoc
1640 3046 1757 3094 patre
1789 3046 1830 3082 et
1862 3040 1940 3082 hac
1969 3046 2099 3082 matre
2130 3039 2259 3095 geniti
