2626 3532
1288 146 1315 189 7

304 273 347 314 in
378 272 520 314 eadem
549 284 652 314 voce
685 270 880 322 recurrit,
916 269 1077 325 pridem
1114 275 1231 312 certa
1264 270 1519 311 correctione
1555 264 1743 311 sublatus
1783 275 1859 311 est.
1920 268 2005 311 Sed
2039 269 2141 311 haec
2167 271 2293 311 verba

307 344 416 397 ipsa,
453 341 582 393 ἁσυχᾶ
610 340 711 393 ὀξύς,
747 339 853 380 πάντ’
874 340 1010 382 ἐθέλων
1038 337 1134 380 κατὰ
1159 338 1296 391 καιρόν,
1332 355 1415 393 quo
1444 339 1616 380 consilio
1647 354 1780 392 quave
1809 345 1945 380 mente
1973 339 2173 390 dicantur,
2206 356 2289 381 non

315 412 403 455 sine
433 427 558 455 causa
586 410 800 464 ambigunt
834 409 1093 464 interpretes.
1151 408 1261 450 Nam
1295 409 1471 464 primum
1501 406 1628 460 ἁσυχᾶ
1657 407 1737 461 ὀξύς
1766 409 1806 450 h.
1829 423 1864 450 e.
1887 406 2192 463 ‘aliquantulum
2220 425 2292 451 ve·

315 482 494 526 hemens'
530 494 612 535 quo
641 480 730 521 iure
761 479 960 535 appellari
989 484 1159 535 putatur
1186 479 1222 521 is
1252 493 1374 534 quem
1403 478 1806 521 vehementissimum
1837 492 1886 520 ac
1913 491 2042 533 paene
2070 479 2131 519 ira
2156 480 2292 533 perdi-

314 558 404 594 tum
438 551 566 592 fuisse
604 554 646 589 et
679 549 771 603 ipsa
797 550 925 590 verba
953 563 1058 602 quae
1095 549 1203 589 hanc
1232 549 1623 589 animadversionem
1652 548 1886 602 Thyonichi
1914 554 2131 588 moverunt
2159 555 2201 588 et
2228 551 2291 588 in-

317 635 498 675 sequens
528 620 707 660 narratio
736 624 825 660 tota
851 619 1057 672 patefacit.
1106 619 1257 672 Neque
1285 619 1414 672 magis
1444 618 1556 671 quod
1584 618 1692 659 idem
1723 618 1871 659 dicitur
1899 616 2009 658 πέντ’
2028 618 2161 660 ἐθέλων
2190 636 2223 658 κ.
2243 631 2289 666 κ.·,

318 691 468 746 quibus
488 690 626 731 verbis
655 688 861 731 hominem
889 688 1121 731 modestum
1141 689 1316 743 tempori
1338 688 1548 730 cedentem
1568 687 1791 743 significari
1812 687 1970 739 credas,
2000 694 2071 729 aut
2090 702 2180 729 cum
2209 690 2290 730 illis

318 761 474 812 verbis,
514 759 663 813 quibus
698 759 778 799 hoc
806 764 1014 812 tamquam
1043 771 1211 812 compar
1240 758 1403 799 adnecti
1432 758 1612 808 videtur,
1650 764 1720 798 aut
1756 758 1921 798 omnino
1951 771 2043 797 cum
2072 759 2291 800 Aeschinis

319 836 469 871 natura
497 828 630 882 qualis
652 834 716 869 est
743 829 786 868 in
815 828 895 868 hoc
915 829 1094 869 carmine
1115 828 1335 881 conspirat.
1379 829 1526 881 Itaque
1555 828 1719 867 fuerunt
1743 827 1827 880 qui,
1857 841 1938 880 quo
1967 827 2071 867 haec
2091 830 2290 868 sententia

318 902 363 941 in
393 898 641 941 contrarium
662 903 903 949 verteretur,
932 896 1016 937 κατ’
1033 893 1176 947 ἄκαιρον
1199 897 1265 938 vel
1294 896 1393 949 παραὶ
1420 897 1539 949 καιρόν
1566 897 1864 938 restituendum
1894 898 2157 938 coniicerent:
2188 914 2289 952 quo-

318 984 410 1009 rum
438 973 578 1008 tamen
607 968 740 1008 neutri
770 972 842 1008 aut
860 967 989 1008 oratio
1010 972 1080 1007 aut
1098 966 1284 1008 mutandi
1303 967 1480 1007 facilitas
1499 966 1666 1022 favet‘).
1714 966 1851 1019 Quare
1870 966 2120 1018 Meinekius,
2149 982 2288 1021 quam·

321 1053 445 1092 quam
474 1038 629 1091 recepit
659 1052 683 1078 a
711 1052 755 1079 se
784 1038 1040 1092 propositum
1070 1035 1170 1090 napo?
1196 1037 1328 1089 καιρόν,
1358 1038 1401 1078 in
1430 1038 1722 1078 commentario
1751 1034 1846 1078 xant
1872 1036 1995 1089 καιρόν
2024 1038 2199 1079 fortasse
2230 1040 2289 1079 sic

318 1107 670 1163 interpretandum
701 1108 844 1150 scribit
870 1106 1022 1150 ‘omnia
1047 1108 1123 1150 tibi
1151 1107 1204 1149 ad
1227 1108 1402 1160 libitum,
1431 1123 1509 1162 pro
1529 1114 1575 1149 ut-
1593 1107 1669 1149 tibi
1687 1108 1768 1163 ipsi
1786 1106 1919 1160 καίριον
1938 1107 2113 1159 videtur,
2143 1109 2286 1150 cedere

318 1178 491 1230 volens’‚
521 1178 722 1220 sententia
749 1192 831 1218 non
861 1178 1016 1233 inepta3
1046 1192 1170 1232 quam
1198 1192 1329 1232 paene
1349 1177 1521 1219 eandem
1539 1177 1791 1219 Ribbeckius
1817 1176 1912 1218 nard
1930 1180 2049 1229 καῒρον
2070 1178 2288 1219 scribendo

317 1249 537 1303 expressit3
569 1248 644 1289 sed
673 1248 754 1288 hoc
784 1248 895 1301 quod
921 1246 990 1289 ‘ad
1020 1247 1230 1290 amussim'
1260 1262 1351 1289 esse
1370 1248 1515 1298 voluit,
1543 1262 1625 1289 non
1650 1248 1813 1289 videtur
1836 1248 1999 1289 dicendi
2027 1262 2107 1289 usu
2134 1248 2285 1289 firmari

316 1333 452 1372 posse.
510 1318 582 1358 Ad
609 1318 809 1358 Meinekii
845 1319 1227 1372 interpretationem
1255 1318 1440 1359 Hillerus
1474 1318 1649 1359 accessit
1682 1333 1851 1372 eamque
1888 1319 2075 1372 pluribus
2104 1320 2285 1358 ornavit:

314 1388 560 1428 infinitivum
590 1387 642 1428 ad
671 1387 807 1430 ἐθέλων
836 1388 986 1439 audiri,
1021 1393 1068 1429 ut
1102 1388 1144 1428 in
1173 1387 1316 1443 idyllio
1344 1399 1405 1428 xv
1434 1403 1473 1428 v.
1498 1388 1576 1428 147
1607 1382 1683 1436 ὥρα
1711 1382 1803 1442 ἷμως
1832 1388 1901 1438 κείς
1931 1387 2043 1438 olium
2079 1401 2155 1428 nec
2183 1388 2286 1428 dati-

314 1473 411 1498 vum
440 1458 691 1511 pronominis
721 1458 773 1498 ad
803 1455 898 1498 κατοὶ
925 1458 1044 1509 καιρόν
1073 1458 1173 1511 (hoc
1203 1472 1294 1500 esse
1321 1458 1474 1512 καίριον)
1505 1458 1656 1511 requiri
1684 1459 1928 1500 necessario.
1978 1458 2044 1499 De
2072 1457 2286 1509 infinitivo,

314 1541 559 1580 quamquam
587 1527 689 1566 illud
718 1528 948 1583 exemplum
977 1527 1173 1569 dissimile
1201 1528 1383 1580 videtur,
1417 1543 1501 1569 non
1529 1529 1781 1579 laboramus,
1816 1528 2009 1580 quoniam
2038 1527 2104 1567 vel
2138 1528 2181 1567 in
2217 1528 2287 1567 illa

314 1597 499 1637 oratione
533 1596 706 1638 fortasse
741 1612 792 1638 ne
822 1596 1081 1638 desideratur
1109 1597 1274 1651 quidem
1307 1599 1552 1649 infinitivus;
1589 1596 1683 1638 κατᾰ
1711 1595 1829 1649 καιρὸν
1859 1603 1995 1638 autem
2024 1596 2184 1638 adiecto
2213 1597 2285 1637 da-

312 1667 398 1708 tivo
428 1666 529 1720 quid
562 1666 764 1721 significet
802 1681 852 1707 ex
881 1667 1093 1708 Theocriti
1123 1667 1180 1709 id.
1200 1681 1294 1710 xxv
1323 1671 1376 1711 66
1412 1664 1469 1721 ἂψ
1497 1670 1535 1709 δ’
1557 1663 1644 1723 ὄκνῳ
1678 1665 1761 1709 ποτὶ
1794 1669 1924 1720 χεῖλος
1958 1667 2136 1720 ἐλάμβανε
2170 1669 2284 1719 μῦθον

312 1736 429 1785 ἰόντα,
464 1736 516 1791 μή
544 1734 585 1777 τί
609 1739 642 1778 οἳ
671 1739 711 1778 οὐ
741 1735 835 1778 κατὰ
863 1736 983 1790 καιρὸν
1013 1737 1094 1788 ἔπος
1130 1740 1446 1794 προτιμυθήσαιτο
1480 1747 1521 1782 et
1554 1755 1604 1782 ex
1638 1741 1703 1781 his
1731 1739 1935 1781 Herodoti
1962 1739 2099 1780 verbis
2130 1740 2190 1793 (l,
2210 1739 2283 1792 30)

311 1805 532 1861 θεησάμενον
562 1807 605 1848 δέ
629 1824 687 1861 μιν
714 1804 762 1848 ‘td
788 1807 904 1849 πάντα
932 1806 993 1849 καὶ
1021 1807 1244 1863 σκεψάμενον
1272 1804 1317 1859 ὥς
1349 1811 1382 1852 οἱ
1411 1809 1505 1852 κατὰ
1533 1809 1649 1863 καιρὸν
1677 1807 1730 1864 ἧν,
1762 1808 1872 1862 εἴρετο
1901 1811 1920 1851 ὁ
1944 1811 2099 1861 Κροῒὶτος
2126 1810 2284 1863 perspi-

315 1890 437 1917 cuum
465 1877 534 1928 fit,
568 1877 657 1917 sine
693 1878 932 1931 pronomine
965 1879 1008 1919 in
1043 1879 1216 1920 eandem
1244 1881 1326 1920 vim
1361 1882 1535 1936 intelligi
1568 1895 1692 1935 posse
1721 1894 1826 1934 quae
1855 1879 2037 1920 nascitur
2064 1893 2116 1919 ex
2144 1878 2283 1919 dativo

313 1947 455 1987 licebit
484 1947 737 1987 addubitare.
790 1947 873 1988 Sed
901 1954 947 1987 ut
975 1949 1054 1989 hoc
1082 1949 1172 1989 fieri
1200 1952 1386 2003 potuisse
1414 1951 1651 2005 largiamur,
1679 1957 1815 1990 tamen
1844 1951 1926 1990 iam
1955 1950 2031 1989 has
2061 1949 2281 1989 sententias

316 2016 420 2058 duas
447 2016 763 2070 'aliquantulum
793 2017 916 2068 acer’,
946 2019 1101 2059 ‘omnia
1135 2019 1212 2061 tibi
1245 2019 1299 2061 ad
1334 2020 1494 2062 libitum
1528 2018 1673 2061 cedere
1704 2020 1862 2061 volens‘
1895 2018 2107 2060 commode
2140 2032 2185 2060 se
2214 2033 2283 2060 ex·

316 2087 451 2140 cipere
480 2100 559 2128 nec
577 2087 813 2128 Meinekius
842 2088 1016 2129 credidit
1043 2103 1176 2142 neque
1193 2088 1375 2131 Hillerus
1405 2089 1711 2144 interpretando
1740 2090 1950 2144 probavit3
1979 2089 2051 2142 qui
2074 2088 2183 2142 quod
2213 2103 2279 2128 ur-

314 2157 538 2196 banitatem
557 2157 763 2209 quandam
784 2157 948 2197 dicendi
977 2173 1081 2211 quae
1109 2159 1242 2199 minus
1267 2159 1368 2199 dicit
1386 2174 1507 2212 quam
1537 2161 1663 2200 sentit
1692 2160 1877 2213 agnoscit
1905 2160 1946 2198 in
1975 2160 2124 2211 priore,
2153 2159 2277 2198 refra-

315 2230 438 2279 gatur
465 2226 612 2277 altera,
650 2241 754 2279 quae
784 2226 954 2268 similem
983 2228 1254 2269 urbanitatem
1286 2243 1369 2270 non
1401 2229 1536 2271 habet.
1596 2228 1732 2281 Quam
1762 2229 1815 2270 ob
1849 2242 1936 2269 rem
1970 2242 2053 2269 non
2078 2228 2278 2280 ‘aliquan-

309 2295 442 2336 tulum
472 2294 578 2336 acer’
607 2295 681 2337 sed
708 2293 843 2337 ‘nimis
873 2310 917 2337 es
947 2311 1054 2349 acer,
1082 2299 1220 2338 omnia
1238 2298 1379 2340 volens
1407 2299 1483 2340 tibi
1512 2299 1564 2340 ad
1592 2300 1753 2341 libitum
1780 2299 1936 2341 cedere'
1970 2298 2050 2338 dici
2079 2297 2269 2351 oportuit.

315 2364 410 2417 Quo
429 2366 563 2406 minus
582 2372 719 2406 autem
748 2366 825 2407 hae
846 2368 1070 2409 sententiae
1099 2369 1207 2408 inter
1226 2383 1270 2409 se
1293 2370 1526 2421 concinunt,
1555 2384 1604 2410 eo
1624 2371 1757 2425 magis
1784 2370 1893 2411 redit
1912 2369 2125 2418 dubitatio,
2154 2381 2274 2420 quam
2338 2354 2342 2358 ⁴

311 2449 411 2475 vera
439 2436 493 2477 sit
520 2436 601 2477 ista
628 2437 912 2490 interpretatio
941 2441 1005 2478 τοῦ
1033 2441 1169 2490 καιροῦ.
1228 2440 1415 2493 Apparet
1441 2440 1696 2494 interpretes,
1729 2455 1779 2481 ea
1805 2441 1874 2481 via
1902 2454 2023 2494 quam
2053 2437 2184 2478 adhuc
2211 2437 2274 2476 in-

309 2506 443 2560 gressi
462 2513 572 2559 sunt,
600 2507 730 2549 multa
747 2508 989 2563 temptando
1007 2508 1110 2550 nihil
1131 2509 1242 2564 quod
1271 2509 1322 2551 ab
1343 2510 1452 2551 omni
1479 2516 1597 2565 parte
1626 2511 1851 2553 satisfaciat
1877 2510 2099 2566 peperisse.
2144 2506 2273 2548 Cuius

307 2575 367 2615 rei
397 2589 521 2618 causa
548 2578 687 2631 posita
705 2577 868 2619 videtur
895 2579 938 2619 in
967 2594 1017 2620 eo
1041 2579 1154 2633 quod
1183 2580 1236 2620 ad
1263 2594 1389 2621 unum
1418 2595 1559 2622 omnes
1589 2581 1642 2622 ad
1670 2582 1774 2623 haec
1793 2583 1919 2623 verba
1947 2584 2100 2627 τοιοῦτος
2128 2578 2187 2632 μὲν
2216 2573 2270 2616 αἰεὶ

307 2645 352 2685 τύ
381 2646 592 2701 epitheton
625 2662 750 2689 unum
786 2654 828 2689 et
862 2649 1034 2691 alterum
1069 2649 1166 2691 addi
1195 2651 1479 2692 existimarunt
1513 2666 1595 2705 quo
1625 2653 1744 2706 quasi
1773 2651 1885 2706 quod
1917 2651 2016 2692 insit
2048 2651 2089 2690 in
2122 2662 2272 2702 prono-

306 2715 416 2757 mine
446 2718 672 2771 explicetur
699 2718 925 2761 definitius:
957 2734 1039 2773 quo
1068 2720 1193 2762 modo
1223 2719 1443 2776 Sophoclis
1469 2722 1702 2764 Philocteta
1729 2723 1911 2777 loquitur
1939 2722 2086 2776 (1271)
2115 2722 2269 2767 τοιοῦτος

301 2779 407 2837 ἦσθα
441 2789 513 2836 τοῖς
542 2788 682 2840 λόγοισι
709 2784 809 2840 χῶτε
842 2806 911 2844 μου
943 2788 991 2831 τὰ
1022 2790 1102 2844 τόξ’
1131 2789 1316 2843 ἔκλεπτες,
1352 2792 1494 2842 πιστός,
1533 2790 1665 2847 ἅτηρδς
1699 2794 1846 2846 λα’θροη
1886 2798 1928 2834 et
1955 2791 2115 2833 Rhesus
2145 2791 2271 2844 (411)

492 2901 531 2949 ⁵)
571 2904 615 2940 In
644 2904 796 2942 Pindari
824 2905 937 2954 Pyth.
958 2906 1017 2952 10,
1042 2908 1066 2943 4
1093 2901 1130 2942 τί
1152 2901 1290 2948 κομπέω
1318 2905 1415 2959 παραὶ
1442 2903 1560 2960 καιρόν
1587 2915 1645 2946 est
1670 2910 1709 2946 in
1740 2910 1862 2954 libris;
1890 2909 2068 2955 interpres
2096 2903 2268 2942 Graecus

299 2976 374 3000 non
400 2964 546 3001 videtur
573 2967 646 3002 nisi
674 2967 769 3003 κατὰ
796 2965 914 3019 καιρόν
941 2970 1160 3018 scripturam
1188 2972 1340 3009 novisse
1348 2985 1359 3016 3
1389 2972 1487 3008 unde
1513 2973 1600 3008 item
1628 2971 1712 3007 κατ’
1731 2966 1873 3022 ἄκαιρον
1899 2971 2107 3015 effecerunt,
2134 2980 2268 3016 parum

300 3034 340 3064 ut
366 3028 475 3065 nobis
501 3029 647 3066 videtur
673 3031 926 3078 probabiliter.
