2626 3532
1330 192 1385 234 16

356 315 471 356 tione
502 314 660 356 solutas
691 314 938 369 composuit,
968 314 1284 369 comparationis
1313 314 1479 356 vinculo
1511 314 1712 356 contineri
1742 314 1935 367 voluisse,
1970 320 2017 356 ut
2045 320 2224 358 mentem
2253 318 2345 372 qui-

357 385 453 426 dem
471 391 630 439 ‘poetae
661 385 741 425 hoc
770 385 894 426 modo
924 391 1035 425 recte
1064 385 1323 438 interpretari
1343 385 1571 426 videamur:
1599 385 1726 426 'sicut
1754 400 1779 425 a
1796 385 1898 426 Iove
1926 385 2205 440 incipiendum
2233 393 2276 434 et
2298 389 2343 430 in

357 455 459 496 Iove
489 455 758 496 desinendum
789 462 863 506 est,
894 456 929 496 si
950 455 1149 508 optimum
1177 456 1467 497 immortalium
1488 455 1696 497 celebrare
1717 455 1896 496 carmine
1916 455 2119 507 volumus,
2147 456 2207 496 ita
2234 471 2343 498 mor-

357 526 501 566 talium
527 526 706 580 optimus
733 526 768 566 si
788 525 1018 567 laudandus
1050 529 1127 576 est,
1147 525 1431 567 Ptolemaeum
1455 526 1498 565 in
1516 526 1657 580 primis
1679 531 1720 566 et
1740 526 1956 579 postremis
1976 525 2135 567 laudari
2154 526 2345 580 oportet.’

360 594 480 646 Quae
500 595 535 635 si
557 601 620 635 est
641 596 844 635 sententia
863 600 1026 648 poetae,
1042 600 1088 635 ut
1107 601 1316 648 putamus,
1330 610 1413 636 non
1433 595 1690 650 probandum
1712 600 1774 637 est
1794 595 1906 649 quod
1925 596 2138 636 novissimi
2159 595 2339 636 editores

357 664 568 705 Theocriti
597 665 678 705 levi
706 666 826 705 unius
858 664 1013 705 codicis
1044 664 1196 706 indicio
1227 667 1345 706 abusi
1374 682 1412 706 v.
1434 670 1460 706 4
1489 661 1611 706 ἄλλων
1638 670 1879 720 posuerunt,
1915 679 1990 719 pro
2022 680 2070 706 eo
2100 665 2214 718 quod
2243 679 2342 706 con-

357 748 485 775 sensu
514 735 711 775 librorum
740 735 945 774 firmatum
976 734 1113 775 adhuc
1138 736 1387 789 vulgabatur
1415 735 1567 787 ἐνδρῶν;
1606 751 1702 777 nam
1731 736 1916 788 quamvis
1945 735 2016 776 illa
2043 735 2258 777 notissima
2287 736 2344 777 sit

358 803 526 843 dicendi
555 805 674 854 ratio,
703 801 723 843 ὁ
749 801 817 856 γοίρ
847 802 1136 854 προφερέστατος
1165 800 1299 853 ἄλλων,
1330 820 1410 859 qua
1429 805 1672 846 Theocritus
1691 805 1734 845 in
1745 805 1943 845 Berenica
1973 802 2012 858 (ὁ
2035 801 2103 855 γὰρ
2124 803 2342 855 ῲιερώτατος

358 869 499 926 ἄλλων)
530 879 571 913 et
590 873 869 914 Callimachus
899 874 939 913 h.
961 874 1055 913 Del.
1082 876 1159 914 156
1191 875 1492 926 (φιλοξεινωτοίτη
1520 872 1660 928 ἄλλων)
1690 876 1887 927 multique
1916 875 2012 914 inde
2035 876 2087 915 ab
2107 874 2340 915 Homericis

359 943 610 983 carminibus
645 944 709 983 usi
744 951 858 995 sunt,
894 950 1032 984 tamen
1068 944 1149 983 hoc
1182 944 1275 983 loco
1310 958 1394 983 non
1431 945 1519 984 sola
1552 944 1750 984 librorum
1783 945 1978 985 memoria
2007 944 2080 984 sed
2109 945 2339 985 sententiae

358 1012 462 1052 ratio
494 1017 535 1052 et
565 1013 861 1054 contrariorum
893 1013 1055 1067 pondus
1086 1012 1256 1052 alterum
1286 1018 1439 1063 tuetur,
1468 1010 1488 1053 ὁ
1515 1010 1583 1064 γάρ
1614 1012 1902 1065 προφερέστατος
1932 1011 2077 1064 ἀνδρῶν.

551 1082 827 1137 Subsequitur
856 1084 1027 1124 alterum
1057 1083 1349 1124 sententiarum
1378 1097 1468 1137 par,
1497 1083 1593 1123 item
1624 1081 1802 1136 quadam
1832 1083 2149 1138 comparationis
2169 1083 2235 1125 vel
2265 1097 2339 1138 op-

357 1153 577 1206 positionis
606 1155 765 1193 ratione
787 1155 1062 1202 coniunctum,
1095 1168 1176 1205 quo
1208 1167 1258 1192 ex
1286 1153 1358 1192 illa
1386 1154 1579 1193 universa
1607 1153 1814 1193 sententia
1843 1153 1923 1192 iam
1953 1167 2072 1193 suum
2091 1154 2338 1194 Theocritus

358 1222 579 1276 profitetur
607 1223 879 1276 propositum.

771 1294 794 1331 5
866 1286 975 1344 ἥρωες
1005 1289 1058 1330 τοὶ
1089 1291 1248 1343 πρόσθεν
1277 1291 1349 1341 αἶψ’
1369 1290 1528 1344 ἡμιθέων
1557 1292 1710 1343 ἐγένοντο

866 1361 1030 1413 ῥέξαντες
1058 1358 1157 1401 καλοὶ
1186 1359 1271 1413 ἔργα
1299 1364 1421 1411 σοφῶν
1450 1361 1625 1414 ἐκύρησαν
1655 1359 1801 1401 αόιδῶν·

869 1428 984 1482 αὐτοίρ
1014 1429 1082 1483 ἐγώ
1111 1433 1340 1485 Πτολεμαῖον
1369 1431 1597 1485 ἐπιστάμενος
1625 1428 1724 1472 καλοῖ
1752 1430 1857 1471 εἰπεῖν

869 1499 1086 1554 ύμνήσαιμ’·
1114 1495 1214 1554 ὕμνοι
1243 1500 1282 1541 δὲ
1312 1497 1373 1540 καὶ
1403 1500 1590 1543 αἶθανάτων
1618 1501 1720 1553 γέρας
1749 1498 1874 1540 αὐτῶν.

358 1572 522 1612 Heroes
553 1572 679 1624 prisci
710 1585 808 1611 suos
838 1572 949 1611 nacti
980 1578 1076 1611 sunt
1105 1576 1239 1611 vates:
1272 1586 1349 1625 ego
1380 1586 1476 1611 vero
1502 1571 1784 1611 Ptolemaeum
1811 1570 1966 1624 hymno
1998 1569 2228 1621 celebrabo,
2258 1585 2340 1623 quo

358 1642 462 1682 nihil
492 1647 556 1683 est
585 1642 708 1682 etiam
737 1641 1036 1682 immortalibus
1067 1642 1236 1696 gratius.

552 1712 856 1766 Pedetemptim
877 1718 917 1753 et
937 1712 1053 1764 quasi
1073 1726 1148 1765 per
1168 1711 1319 1766 gradus
1341 1711 1541 1764 quosdam
1571 1710 1836 1766 progrediens
1865 1716 1990 1764 poeta
2008 1710 2175 1751 tertium
2194 1724 2343 1764 prooe-

361 1783 430 1822 mii
459 1785 574 1821 κῶλον
604 1783 771 1822 subiicit
801 1797 882 1834 quo
913 1782 993 1821 iam
1023 1783 1193 1834 propius
1224 1782 1276 1820 ad
1306 1782 1437 1834 ipsam
1466 1795 1551 1820 rem
1581 1780 1753 1820 accedit.

863 1846 965 1891 Ἴδαν
995 1852 1027 1899 ἐς
1058 1851 1293 1902 πολύδενδρον
1325 1847 1413 1902 ἀνὴρ
1442 1849 1622 1903 ὑλατόμος
1652 1848 1771 1892 ἐλθών

749 1923 799 1962 10
870 1920 1062 1962 παπταίνει
1090 1921 1280 1973 παρεόντος
1310 1914 1398 1974 ἄδην
1427 1919 1542 1963 πόθεν
1570 1914 1718 1972 ἄρξεται
1747 1917 1860 1972 ἔργου.

872 1989 914 2030 τί
940 1994 1078 2042 πρῶτον
1108 1992 1308 2043 καταλέξω,
1338 1985 1414 2030 ἐπεὶ
1444 1990 1543 2042 πάρα
1572 1989 1683 2044 μυρία
1711 1989 1817 2029 εἰπεῖν

874 2058 945 2101 οἷ’σι
973 2059 1053 2102 θεοὶ
1083 2059 1141 2101 τόν
1170 2057 1313 2112 ἆριστον
1343 2059 1515 2113 ἐτίμησαν
1544 2059 1743 2112 βασιλήων.

874 2132 912 2172 ἐκ
944 2132 1103 2183 πατέρων
1133 2127 1201 2180 οἷός
1230 2130 1290 2184 μὲν
1321 2128 1377 2183 ἔην
1406 2127 1552 2171 τελέσαι
1580 2129 1672 2184 μέγα
1701 2126 1797 2182 ἔργον

874 2198 1050 2252 Λαγεῖδας
1069 2203 1319 2255 ,Πτολεμαῖοῶ
1350 2194 1408 2240 ὅτε
1438 2197 1561 2251 φρεσὶν
1591 2196 1831 2252 ἔγκατοίθοιτο

751 2272 800 2310 15
872 2270 1017 2318 βουλάν,
1047 2264 1087 2310 ὅῖν
1117 2270 1179 2310 οὐκ
1209 2266 1321 2318 ἄλλος
1351 2267 1440 2321 ἀνήρ
1470 2265 1539 2317 οἶός
1568 2285 1607 2308 τε
1636 2272 1771 2322 νοῆσαι.

361 2343 594 2382 Primorum
623 2355 814 2381 versuum
844 2342 1089 2381 sententiam
1119 2342 1321 2394 interpres
1354 2339 1540 2380 Graecus
1576 2341 1785 2393 explicuit:
1821 2334 1942 2391 ὥσπερ
1977 2340 2022 2388 εἰς
2055 2337 2120 2393 τὴν
2142 2336 2246 2392 Ἴδην
2279 2337 2344 2392 τὴν

362 2410 601 2463 πολύδενδρον
628 2409 804 2463 ὑλοτόμος
834 2408 952 2452 ἐλθών
983 2408 1084 2463 ἔργου
1114 2413 1256 2451 πολλοῦ
1285 2409 1513 2463 προκειμένου
1542 2412 1676 2450 σκοπεῖ
1702 2405 1813 2453 πόθεν
1842 2404 2003 2463 ἄρξεται,
2040 2403 2131 2451 οὕτω
2165 2406 2212 2462 δὴ
2240 2407 2342 2462 κᾶγα)

360 2482 489 2534 ἀπορῶ
523 2479 636 2523 πόθεν
671 2477 759 2533 πρὸς
794 2476 898 2535 ὕμνον
933 2479 1130 2531 εἰσβάλλω.
1189 2480 1284 2522 Ηοο
1320 2480 1428 2521 enim
1462 2479 1638 2521 voluisse
1673 2479 1940 2521 Theocritum
1974 2479 2231 2522 manifestum
2265 2485 2343 2533 est,

360 2554 453 2605 qui,
489 2554 595 2593 sicut
629 2553 671 2594 in
706 2553 839 2606 prima
869 2554 930 2604 (et
959 2553 1105 2605 altera)
1142 2552 1266 2594 huius
1295 2552 1494 2605 prooemii
1523 2552 1723 2604 particula
1751 2552 1993 2592 sententiam
2023 2552 2343 2605 comparativam

362 2624 475 2664 nulla
505 2623 823 2677 comparationis
852 2623 1027 2663 formula
1051 2623 1196 2673 vinxit,
1227 2623 1288 2662 sic
1314 2636 1424 2662 nunc
1453 2622 1582 2662 simile
1610 2636 1685 2676 per
1710 2636 1753 2662 se
1781 2622 1912 2662 solum
1941 2622 2072 2675 ponit,
2101 2621 2198 2663 dein
2227 2621 2345 2662 addit

364 2695 623 2744 sententiam,
655 2694 722 2733 cui
752 2694 881 2733 simile
911 2693 1119 2733 inserviat.
1167 2692 1292 2742 Quod
1322 2706 1450 2745 genus
1481 2698 1523 2731 et
1551 2706 1659 2731 nunc
1679 2692 1779 2731 scite
1800 2692 1971 2732 orationi
2001 2691 2188 2733 adhibuit
2207 2691 2345 2731 Theo-

359 2764 491 2804 critus
523 2770 563 2804 et
593 2764 740 2804 eodem
769 2763 915 2803 iterum
944 2777 1044 2802 usus
1075 2768 1140 2802 est
1167 2762 1209 2801 in
1239 2760 1380 2814 idyllio
1410 2774 1499 2801 x1v.

876 2831 1047 2885 μάστακα
1076 2833 1182 2871 δοῒσα
1211 2830 1382 2878 τέκνοισινν
1405 2829 1641 2884 ὑπωροφιόισι
1669 2828 1825 2882 χελιδών

749 2904 804 2942 40
876 2896 1034 2955 ἄψορρον
1063 2899 1196 2957 ταχινοὶ
1223 2901 1367 2941 πέτεται
1395 2900 1473 2950 βίον
1502 2896 1614 2955 ἄλλο]
1643 2899 1807 2954 α’γείρειν·

877 2969 1037 3023 ω’κυτέρα
1066 2974 1233 3024 μαλακῖίς
1263 2970 1334 3012 οἶπὸ
1363 2970 1538 3023 δι’φρακος
1569 2969 1699 3026 ἔδραμε
1728 2971 1817 3023 τήνα

881 3040 945 3085 ι’ἓΰ
975 3044 1022 3083 δι’
1045 3042 1244 3096 ἀμφιθύρω
1273 3038 1333 3083 καὶ
1363 3043 1524 3093 δικλίδος
1553 3035 1577 3097 ᾇ
1606 3041 1710 3091 πόδες
1739 3035 1833 3095 ἆγον.
