2626 3532
1330 167 1356 210 6

353 300 395 335 te
425 308 509 336 non
539 293 638 344 vidi,
668 293 737 334 vix
767 298 814 333 ut
843 292 923 333 iam
954 305 1118 346 sperare
1148 291 1305 343 liceret,
1335 297 1377 333 te
1407 305 1600 345 umquam
1629 290 1876 343 venturam'3
1912 292 1994 335 hoc
2022 294 2130 335 enim
2159 296 2239 339 sibi
2267 312 2343 340 vo-

351 365 442 404 lunt
471 365 543 404 illa
569 362 827 403 ‘miraculum
859 368 941 413 est,
977 368 1018 402 te
1049 362 1173 402 etiam
1203 376 1313 402 nunc
1344 362 1405 415 (h.
1429 375 1463 401 e.
1494 362 1600 402 auch
1627 376 1707 402 nur
1723 364 1841 415 jerat)
1872 362 2064 407 venisse!
2111 363 2263 407 Verbis
2290 370 2342 417 αἷς

348 434 492 485 χρόνιος
530 435 567 474 ei
603 434 669 473 cui
704 434 824 474 unice
859 432 1170 472 accommodata
1204 437 1300 472 sunt
1328 432 1573 486 Thyonicho
1608 433 1825 473 vindicatis
1855 432 2058 473 Aeschini
2092 433 2340 487 relinquitur

350 519 595 557 responsum
630 501 792 553 χρόνιοςς
831 517 914 555 quo
949 502 1018 555 ille
1053 502 1249 552 affirmat,
1286 516 1379 543 esse
1414 503 1474 543 ita
1508 507 1555 542 ut
1590 503 1746 544 amicus
1782 517 1874 543 cum
1910 501 2179 544 admiratione
2213 502 2336 545 dixit:

351 574 470 627 quasi
500 573 557 614 illi
588 572 743 614 dicenti
771 569 909 631 ‘quam
930 571 1000 612 diu
1029 576 1071 612 te
1102 585 1186 612 non
1206 569 1305 616 vidi'
1337 571 1586 627 respondeat
1612 569 1727 614 ‘sane
1747 570 1850 622 diu’;
1879 570 1923 613 id
1942 584 2107 626 quoque
2136 577 2231 627 apte
2259 586 2338 614 nec

349 650 516 697 praeter
551 642 912 693 consuetudinem,
951 642 1065 682 velut
1101 642 1142 680 in
1176 641 1388 695 Euripidis
1422 643 1592 683 Electra
1626 644 1749 697 (505)
1785 648 2007 697 postquam
2040 642 2209 682 Electra
2241 656 2337 684 cum

349 714 708 754 commiseratione
739 713 843 752 dixit
872 712 1010 763 πατέρα
1038 708 1096 751 τᾶν
1126 710 1227 764 ἐμόν,
1263 705 1299 752 ἕν
1330 710 1413 751 ποτ’
1432 713 1465 752 ἐν
1492 714 1614 763 χεροῖν
1645 710 1737 763 ἔχων
1769 711 1907 765 ἀνόνητ’
1931 709 2090 763 ἔθρεψάς
2119 711 2184 753 σοι’
2207 728 2246 752 τε
2274 709 2338 752 καὶ

349 786 421 831 τοῖς
450 785 525 831 σοῖς
555 780 679 832 φίλοις
709 796 835 822 senex
864 781 944 821 hoc
974 781 1222 822 confirmans
1245 781 1469 835 respondet
1488 780 1653 834 ἀνόνητα.
1703 782 1790 823 Sed
1809 782 1890 824 hoc
1909 779 2063 833 χρόνιος,
2092 782 2200 823 tristi
2219 782 2338 823 vultu

349 854 522 903 elatum,
558 866 641 906 quo
670 858 880 905 tamquam
909 857 1039 891 totam
1074 851 1276 892 interiecti
1314 851 1512 905 temporis
1541 851 1745 892 miseriam
1773 851 2006 893 Aeschines
2036 851 2337 906 complectitur,

348 922 594 976 Thyonicho
623 922 820 962 indicium
849 922 968 971 facit,
1003 936 1084 961 non
1116 922 1203 961 sine
1234 922 1421 975 graviore
1451 935 1577 962 causa
1604 921 1856 962 Aeschinem
1886 923 2211 976 inexspectatum
2240 926 2339 975 post

348 992 621 1047 longinquum
653 997 815 1045 tempus
846 990 899 1031 ad
929 1005 973 1032 se
1003 991 1196 1040 invisere;
1226 991 1366 1044 itaque
1395 996 1517 1046 rogat
1544 989 1585 1030 τί
1610 991 1652 1030 δέ
1671 1007 1725 1031 τοι
1744 988 1787 1031 τὸ
1806 991 1955 1045 μέλημα
1982 991 2023 1032 h.
2046 1006 2081 1032 e.
2101 990 2218 1045 ‘quid
2236 1005 2336 1032 vero

348 1063 425 1103 tibi
461 1076 583 1102 curae
620 1067 684 1102 est
719 1068 788 1102 aut
824 1077 929 1115 quae
966 1075 1091 1102 causa
1127 1062 1244 1102 istius
1280 1061 1512 1102 tristitiae?'
1570 1060 1650 1101 Cui
1680 1061 1910 1103 Aeschines
1946 1060 2156 1115 npa‘wopeg
2190 1060 2261 1113 οὔχ
2294 1059 2340 1110 αἷς

349 1136 475 1185 λῷστα
506 1132 683 1182 Θυώνιχε.
727 1133 845 1173 Haec
876 1133 1027 1182 omnia,
1057 1133 1180 1172 modo
1210 1139 1321 1173 recte
1351 1139 1392 1173 et
1423 1132 1475 1172 ad
1504 1138 1652 1185 poetae
1679 1132 1894 1173 consilium
1924 1133 2193 1186 accipiantur,
2221 1147 2340 1187 egre-

349 1204 419 1257 gia
450 1209 546 1244 sunt
576 1208 617 1243 et
647 1202 803 1257 egregii
833 1207 980 1256 poetae
1002 1217 1166 1243 manum
1197 1202 1392 1256 produnt,
1424 1202 1494 1256 qui
1523 1201 1667 1256 paucis
1692 1201 1812 1243 lineis
1831 1201 2037 1255 nullisque
2057 1199 2234 1254 ληκύθοις
2264 1201 2338 1242 ad-

348 1273 490 1314 hibitis
519 1273 665 1327 pingat
695 1287 799 1326 quos
829 1272 917 1313 vult
944 1275 1182 1324 χαρακτῆρας
1213 1278 1254 1313 et
1284 1273 1458 1328 legentis
1488 1273 1542 1313 ob
1572 1272 1715 1313 oculos
1744 1277 1882 1326 ponat.

541 1342 627 1384 Sed
647 1343 916 1396 Thyonichus
945 1343 1137 1383 tristitiae
1168 1343 1319 1382 nubem
1349 1343 1501 1395 pellere
1532 1343 1583 1382 de
1614 1343 1749 1382 fronte
1782 1343 1902 1382 amici
1926 1343 2095 1396 cupiens
2124 1342 2250 1381 iocari
2279 1342 2342 1381 in-

348 1413 450 1466 cipit
480 1418 521 1453 et
551 1413 734 1452 cavillari
764 1412 1033 1453 horridiorem
1067 1412 1286 1453 Aeschinis
1317 1418 1543 1466 aspectum.

1378 1481 1484 1522 ‘taor’
1502 1477 1573 1533 ἆρα
1603 1482 1749 1530 λεπτός,

862 1548 924 1601 χαῖ
952 1550 1095 1603 μύσταξ
1125 1548 1237 1598 πολύς
1267 1544 1380 1599 οὗτος,
1412 1549 1606 1592 αὐσταλέοι
1635 1550 1675 1591 δὲ
1704 1548 1855 1591 almvm.

765 1622 788 1659 5
862 1623 1018 1669 τοιοῦτος
1049 1620 1169 1671 πρώαν
1199 1637 1250 1668 τις
1280 1619 1434 1670 ἄφίκετο
1464 1620 1758 1674 Πυθαγορικτοίς,

866 1688 985 1742 ω’χρός
1015 1690 1275 1744 κάνυπόδητος,
1305 1689 1496 1745 Ἀθηναῖος
1526 1690 1563 1732 δ’
1583 1689 1692 1742 ἔφατ’
1709 1686 1810 1745 ἦμεν,

867 1757 1026 1813 ἤρατο*)
1056 1761 1116 1812 μὲν
1146 1760 1205 1802 καὶ
1235 1765 1350 1812 τῆνος,
1381 1760 1455 1813 ἐμὶν
1485 1765 1594 1810 δοκεῖ,
1624 1761 1725 1803 ὀπτῶ
1754 1760 1905 1811 ἅλεύρω.

351 1836 411 1875 At
439 1833 671 1875 Aeschines
702 1848 846 1886 pamm
877 1832 930 1873 ad
959 1833 1142 1874 iocorum
1173 1832 1416 1874 hilaritatem
1447 1833 1715 1887 compositus,
1745 1847 1790 1873 se
1818 1830 2021 1885 Cyniscae
2050 1847 2217 1886 passum
2242 1834 2340 1874 ‘esse

350 1903 643 1945 contumeliam
674 1917 757 1943 non
787 1902 874 1943 sine
904 1902 1043 1942 furore
1073 1902 1251 1956 quodam
1280 1902 1514 1943 iracundiae
1543 1903 1706 1943 fatetur.

766 1973 790 2012 8
863 1970 1027 2019 παίσδεις
1057 1967 1176 2023 ὦγάθ’
1201 1973 1312 2022 ἔχων·
1344 1971 1404 2024 ἐμὲ
1434 1973 1471 2011 δ’
1494 1970 1522 2012 α’
1547 1972 1732 2023 χαρίεσσα
1761 1970 1925 2011 Κυνίσκα

865 2039 1047 2089 ὕβρίσδει·
1079 2046 1182 2082 λασῶ
1211 2041 1250 2081 δὲ
1280 2041 1395 2093 μανείς
1426 2058 1533 2089 ποκα,
1562 2039 1652 2093 θρὶξ
1680 2039 1750 2081 dvo?
1779 2041 1923 2094 μέσσον.

349 2099 458 2140 Tum
489 2098 778 2153 Thyonichus·

744 2169 794 2206 10
866 2167 1025 2215 τοιοῦτος
1053 2166 1115 2219 μὲν
1144 2162 1198 2205 αἐι
1230 2184 1271 2205 τυ
1300 2167 1389 2216 φίλ’
1409 2165 1580 2218 Αἷσχινα,
1610 2166 1738 2217 οἷσυχᾶ
1767 2167 1862 2218 ὀξύς,

867 2236 974 2276 πάντ’
996 2237 1132 2278 ἐθέλων
1162 2253 1257 2276 κατα
1287 2237 1425 2286 καιρόν·
1455 2231 1548 2289 ὅμως
1577 2236 1614 2276 δ’
1633 2254 1729 2277 ειπον
1757 2236 1800 2276 τί
1823 2254 1865 2276 το
1893 2233 2021 2277 καινόν.

352 2308 435 2349 His
465 2307 652 2349 versibus
689 2306 840 2347 diutius
878 2306 1179 2347 immorandum
1217 2312 1297 2347 est.
1335 2307 1474 2348 multis
1512 2307 1620 2348 enim
1658 2321 1797 2348 eorum
1832 2305 2114 2360 interpretatio
2149 2305 2346 2360 impedita

355 2385 417 2419 est
448 2377 772 2418 difficultatibus.
833 2376 987 2431 Scripti
1018 2382 1114 2417 sunt
1143 2377 1229 2417 fere
1260 2377 1302 2416 in
1332 2377 1445 2417 libris
1476 2383 1523 2416 ut
1552 2392 1676 2430 supra
1709 2377 1940 2430 posuimus:
1977 2390 2071 2416 nam
2102 2375 2215 2428 quod
2243 2375 2346 2415 Am-

355 2449 573 2489 brosianus
604 2447 756 2499 aliique
787 2447 885 2487 boni
914 2447 1008 2488 libri
1038 2443 1165 2496 α’σύχα
1195 2446 1372 2497 habent,
1410 2447 1511 2487 levis
1543 2461 1673 2498 error,
1711 2447 1782 2500 qui
1810 2446 1919 2487 idem
1948 2446 2072 2500 paulo
2102 2450 2200 2499 post
2227 2461 2266 2485 v.
2289 2447 2341 2486 27

547 2578 584 2624 *)
621 2577 834 2614 Scholiasta
853 2577 1127 2613 Ambrosianus
1157 2576 1247 2611 haec
1266 2576 1459 2611 adnotavit
1486 2576 1533 2611 ad
1562 2588 1595 2611 v.
1618 2576 1653 2611 7.
1692 2570 1802 2617 Ἐμοί,
1829 2571 1932 2621 ‹pm-1¹,
1959 2568 2111 2610 δοκεῖν”
2090 2588 2143 2609 οτι
2163 2573 2198 2609 ἓν
2216 2575 2269 2620 τῷ·
2293 2578 2347 2609 λι-

355 2655 498 2683 μωττειν
525 2655 633 2691 ηρατο
661 2655 720 2675 και
748 2634 923 2681 ἐπεθύμει
950 2637 1062 2675 ἆπτοῦ
1090 2633 1261 2690 ἀλεύρου,
1295 2633 1387 2674 σθεν
1413 2653 1473 2674 και
1499 2633 1618 2689 ὦχρός
1644 2653 1697 2676 τις
1722 2654 1774 2682 ην.
1823 2638 1931 2685 Quae
1958 2637 2152 2686 Zieglerus
2180 2637 2347 2686 corrupit

355 2704 620 2753 locupletando
647 2696 754 2755 ἤρατο
782 2696 841 2738 καὶ
864 2702 1021 2751 [ἰκεῒνος,
1047 2695 1176 2750 ηγουν]
1204 2696 1832 2753 ἐπεθύμει.1ηῐθ11ἰςίωυε“ἧρατο
1859 2702 1897 2738 id
1917 2706 1977 2739 est
1994 2695 2183 2744 3m8v'am’
2210 2713 2346 2750 genere

352 2769 502 2805 dicendi
530 2768 744 2805 scholiastis
768 2767 1075 2803 familiarissimo.
1119 2765 1206 2812 Quo
1225 2766 1356 2802 eodem
1377 2777 1469 2803 usus
1497 2767 1545 2803 ad
1572 2766 1622 2803 id.
1637 2777 1690 2802 xv
1711 2766 1759 2802 76
1787 2758 1855 2813 ἄγ’
1877 2780 1902 2800 ω
1928 2760 2029 2801 δειλοὶ
2050 2760 2093 2799 τι)
2120 2758 2254 2809 βιαῖξιυ
2283 2765 2346 2802 ad-

356 2833 502 2868 notavit
528 2824 596 2878 οἵγ’
623 2824 650 2867 ὦ
678 2826 817 2867 δειλαία
849 2824 986 2874 Βιᾶζου
1021 2824 1080 2865 καὶ
1114 2827 1160 2866 σύ
1190 2824 1248 2865 καὶ
1277 2822 1367 2865 ὤθει
1396 2825 1486 2865 ὥστε
1515 2844 1555 2865 σε
1585 2826 1780 2871 siena-3⁸2⁹,
1815 2830 1886 2865 hoc
1913 2833 1972 2865 est
1995 2822 2141 2872 ’βιάζου
2169 2821 2228 2864 καὶ
2256 2820 2347 2864 ὦὲιι

358 2895 398 2932 ὦ.
417 2910 452 2932 σ·.
473 2893 525 2931 εἶ.’
553 2896 610 2932 his
639 2896 737 2932 enim
765 2888 824 2930 καὶ
853 2887 945 2930 ὤθει
973 2890 1060 2929 ὥστε
1088 2899 1154 2929 κτλ
1182 2894 1396 2942 explicatur
1422 2888 1572 2938 Βιάξου.
1615 2893 1691 2931 Sed
1715 2892 1908 2941 Zibglerus
1935 2891 2021 2928 inde
2048 2892 2171 2929 effecit
2196 2897 2349 2940 poetae·

354 2971 428 3006 que
457 2959 560 2995 dedit
586 2951 654 3005 εἴγ’
675 2951 764 2994 ὤθει
791 2953 852 2992 καὶ
880 2954 921 2992 τι)
950 2952 1109 3000 ,Gn-&cm
1145 2969 1242 3004 quae
1276 2957 1379 2992 illum
1414 2957 1652 3005 interpretem
1690 2968 1762 2992 non
1798 2956 1954 3003 legisse,
1990 2955 2128 3003 legisse
2154 2962 2277 2992 autem
2304 2967 2352 2991 ea

353 3034 454 3070 quae
483 3022 520 3058 in
548 3022 654 3057 libris
683 3021 820 3057 tradita
847 3028 946 3065 sunt,
977 3021 1215 3057 manifestum
1244 3020 1402 3056 videtur.
