<?xml version="1.0" encoding="UTF-8"?>
<!DOCTYPE html PUBLIC "-//W3C//DTD XHTML 1.0 Transitional//EN"
    "http://www.w3.org/TR/xhtml1/DTD/xhtml1-transitional.dtd">
<html xmlns="http://www.w3.org/1999/xhtml" xml:lang="en" lang="en">
 <head>
  <title>
</title>
<meta http-equiv="Content-Type" content="text/html;charset=utf-8" />
  <meta name='ocr-system' content='tesseract 3.04.00' />
  <meta name='ocr-capabilities' content='ocr_page ocr_carea ocr_par ocr_line ocrx_word'/>
</head>
<body>
  <div class='ocr_page' id='page_1' title='image "4764129_0030.png"; bbox 0 0 2626 3532; ppageno 0'>
   <div class='ocr_carea' id='block_1_1' title="bbox 2299 0 2626 74">
    <p class='ocr_par' dir='ltr' id='par_1_1' title="bbox 2299 0 2626 74">
     <span class='ocr_line' id='line_1_1' title="bbox 2299 0 2626 74; baseline 0 3458"><span class='ocrx_word' id='word_1_1' title='bbox 2299 0 2626 74; x_wconf 95' lang='lat' dir='ltr'><strong> </strong></span> 
     </span>
    </p>
   </div>
   <div class='ocr_carea' id='block_1_2' title="bbox 1307 202 1367 246">
    <p class='ocr_par' dir='ltr' id='par_1_2' title="bbox 1307 202 1367 246">
     <span class='ocr_line' id='line_1_2' title="bbox 1307 202 1367 246; baseline 0 0"><span class='ocrx_word' id='word_1_2' title='bbox 1307 202 1367 246; x_wconf 82' lang='lat'><strong>20</strong></span> 
     </span>
    </p>
   </div>
   <div class='ocr_carea' id='block_1_3' title="bbox 332 325 2329 2697">
    <p class='ocr_par' dir='ltr' id='par_1_3' title="bbox 336 325 2329 521">
     <span class='ocr_line' id='line_1_3' title="bbox 350 325 2329 382; baseline 0.001 -15"><span class='ocrx_word' id='word_1_3' title='bbox 350 326 516 367; x_wconf 66' lang='lat' dir='ltr'><strong>Curam</strong></span> <span class='ocrx_word' id='word_1_4' title='bbox 544 328 704 381; x_wconf 72' lang='lat' dir='ltr'><strong>eatpletie</strong></span> <span class='ocrx_word' id='word_1_5' title='bbox 732 329 873 367; x_wconf 65' lang='lat' dir='ltr'><strong>statuit</strong></span> <span class='ocrx_word' id='word_1_6' title='bbox 899 334 1152 367; x_wconf 70' lang='lat' dir='ltr'><strong>monumenta</strong></span> <span class='ocrx_word' id='word_1_7' title='bbox 1188 327 1359 376; x_wconf 73' lang='lat' dir='ltr'><strong>lacunis,</strong></span> <span class='ocrx_word' id='word_1_8' title='bbox 1398 333 1444 366; x_wconf 82' lang='lat' dir='ltr'><strong>at</strong></span> <span class='ocrx_word' id='word_1_9' title='bbox 1469 325 1614 367; x_wconf 72' lang='lat' dir='ltr'><strong>Decius</strong></span> <span class='ocrx_word' id='word_1_10' title='bbox 1646 327 1763 367; x_wconf 64' lang='lat' dir='ltr'><strong>mineo</strong></span> <span class='ocrx_word' id='word_1_11' title='bbox 1796 327 1952 380; x_wconf 67' lang='lat' dir='ltr'><strong>proelia</strong></span> <span class='ocrx_word' id='word_1_12' title='bbox 1985 328 2100 382; x_wconf 76' lang='lat' dir='ltr'><strong>rupit</strong></span> <span class='ocrx_word' id='word_1_13' title='bbox 2129 341 2246 382; x_wconf 79' lang='lat' dir='ltr'><strong>equo,</strong></span> <span class='ocrx_word' id='word_1_14' title='bbox 2285 335 2329 372; x_wconf 76' lang='lat' dir='ltr'><strong>et</strong></span> 
     </span>
     <span class='ocr_line' id='line_1_4' title="bbox 336 397 891 451; baseline 0.002 -15"><span class='ocrx_word' id='word_1_15' title='bbox 336 397 503 450; x_wconf 88' lang='lat' dir='ltr'><strong>saepius</strong></span> <span class='ocrx_word' id='word_1_16' title='bbox 533 397 643 451; x_wconf 90' lang='lat' dir='ltr'><strong>apud</strong></span> <span class='ocrx_word' id='word_1_17' title='bbox 671 397 891 438; x_wconf 90' lang='lat' dir='ltr'><strong>Tibullum.</strong></span> 
     </span>
     <span class='ocr_line' id='line_1_5' title="bbox 530 466 2323 521; baseline 0.001 -14"><span class='ocrx_word' id='word_1_18' title='bbox 530 467 718 507; x_wconf 85' lang='lat' dir='ltr'><strong>Tandem</strong></span> <span class='ocrx_word' id='word_1_19' title='bbox 754 482 776 506; x_wconf 92' lang='lat' dir='ltr'><strong>e</strong></span> <span class='ocrx_word' id='word_1_20' title='bbox 812 467 1065 507; x_wconf 79' lang='lat' dir='ltr'><strong>diverticulis</strong></span> <span class='ocrx_word' id='word_1_21' title='bbox 1105 466 1348 507; x_wconf 84' lang='lat' dir='ltr'><strong>revertimur</strong></span> <span class='ocrx_word' id='word_1_22' title='bbox 1389 466 1441 506; x_wconf 90' lang='lat' dir='ltr'><strong>ad</strong></span> <span class='ocrx_word' id='word_1_23' title='bbox 1476 480 1619 507; x_wconf 87' lang='lat' dir='ltr'><strong>versus</strong></span> <span class='ocrx_word' id='word_1_24' title='bbox 1654 466 1885 517; x_wconf 80' lang='lat' dir='ltr'><strong>Theocriti,</strong></span> <span class='ocrx_word' id='word_1_25' title='bbox 1922 481 1945 507; x_wconf 92' lang='lat' dir='ltr'><strong>e</strong></span> <span class='ocrx_word' id='word_1_26' title='bbox 1979 467 2129 519; x_wconf 85' lang='lat' dir='ltr'><strong>quibus</strong></span> <span class='ocrx_word' id='word_1_27' title='bbox 2166 469 2323 521; x_wconf 77' lang='lat' dir='ltr'><strong>egressi</strong></span> 
     </span>
    </p>

    <p class='ocr_par' dir='ltr' id='par_1_4' title="bbox 336 536 1031 590">
     <span class='ocr_line' id='line_1_6' title="bbox 336 536 1031 590; baseline -0.001 -13"><span class='ocrx_word' id='word_1_28' title='bbox 336 551 492 578; x_wconf 87' lang='lat' dir='ltr'><strong>sumus.</strong></span> <span class='ocrx_word' id='word_1_29' title='bbox 545 536 628 589; x_wconf 83' lang='lat' dir='ltr'><strong>Qui</strong></span> <span class='ocrx_word' id='word_1_30' title='bbox 659 536 773 590; x_wconf 92' lang='lat' dir='ltr'><strong>quod</strong></span> <span class='ocrx_word' id='word_1_31' title='bbox 802 537 859 576; x_wconf 87' lang='lat' dir='ltr'><strong>ita</strong></span> <span class='ocrx_word' id='word_1_32' title='bbox 887 536 1031 577; x_wconf 83' lang='lat' dir='ltr'><strong>scribit</strong></span> 
     </span>
    </p>

    <p class='ocr_par' dir='ltr' id='par_1_5' title="bbox 838 601 1742 661">
     <span class='ocr_line' id='line_1_7' title="bbox 838 601 1742 661; baseline 0 -14"><span class='ocrx_word' id='word_1_33' title='bbox 838 601 940 647; x_wconf 77' lang='grc' dir='ltr'>Ἴδαν</span> <span class='ocrx_word' id='word_1_34' title='bbox 971 607 1003 655; x_wconf 80' lang='grc' dir='ltr'><strong>ἐς</strong></span> <span class='ocrx_word' id='word_1_35' title='bbox 1033 605 1270 659; x_wconf 77' lang='grc' dir='ltr'>πολύδενδρον</span> <span class='ocrx_word' id='word_1_36' title='bbox 1298 605 1389 660; x_wconf 77' lang='grc' dir='ltr'>ἀνὴρ</span> <span class='ocrx_word' id='word_1_37' title='bbox 1414 605 1593 661; x_wconf 76' lang='grc' dir='ltr'>ύλατόμος</span> <span class='ocrx_word' id='word_1_38' title='bbox 1623 604 1742 650; x_wconf 64' lang='grc' dir='ltr'>ἐλθών</span> 
     </span>
    </p>

    <p class='ocr_par' dir='ltr' id='par_1_6' title="bbox 849 672 1862 731">
     <span class='ocr_line' id='line_1_8' title="bbox 849 672 1862 731; baseline 0.001 -15"><span class='ocrx_word' id='word_1_39' title='bbox 849 677 1050 725; x_wconf 69' lang='grc' dir='ltr'>παπταίνει,</span> <span class='ocrx_word' id='word_1_40' title='bbox 1082 676 1270 729; x_wconf 82' lang='grc' dir='ltr'>παρεόντος</span> <span class='ocrx_word' id='word_1_41' title='bbox 1299 672 1401 731; x_wconf 71' lang='grc' dir='ltr'>ἅδην,</span> <span class='ocrx_word' id='word_1_42' title='bbox 1431 677 1546 720; x_wconf 67' lang='grc' dir='ltr'>πόθεν</span> <span class='ocrx_word' id='word_1_43' title='bbox 1574 673 1720 731; x_wconf 68' lang='grc' dir='ltr'>ἔρξεται</span> <span class='ocrx_word' id='word_1_44' title='bbox 1749 675 1862 730; x_wconf 84' lang='grc' dir='ltr'>ἔργου.</span> 
     </span>
    </p>

    <p class='ocr_par' dir='ltr' id='par_1_7' title="bbox 332 744 2323 2697">
     <span class='ocr_line' id='line_1_9' title="bbox 846 744 1903 802; baseline 0.001 -15"><span class='ocrx_word' id='word_1_45' title='bbox 846 747 889 788; x_wconf 79' lang='grc' dir='ltr'>τί</span> <span class='ocrx_word' id='word_1_46' title='bbox 914 751 1052 798; x_wconf 79' lang='grc' dir='ltr'>πρῶτον</span> <span class='ocrx_word' id='word_1_47' title='bbox 1081 749 1282 801; x_wconf 81' lang='grc' dir='ltr'>καταλέξω,</span> <span class='ocrx_word' id='word_1_48' title='bbox 1313 744 1390 789; x_wconf 72' lang='grc' dir='ltr'>ἐπεὶ</span> <span class='ocrx_word' id='word_1_49' title='bbox 1421 749 1521 800; x_wconf 76' lang='grc' dir='ltr'>πάρα</span> <span class='ocrx_word' id='word_1_50' title='bbox 1549 747 1658 802; x_wconf 70' lang='grc' dir='ltr'>μυρία</span> <span class='ocrx_word' id='word_1_51' title='bbox 1686 748 1791 789; x_wconf 76' lang='grc' dir='ltr'>εἰπεῖν</span> <span class='ocrx_word' id='word_1_52' title='bbox 1820 753 1903 795; x_wconf 85' lang='grc' dir='ltr'>κτλ,</span> 
     </span>
     <span class='ocr_line' id='line_1_10' title="bbox 336 805 2321 874; baseline 0.001 -16"><span class='ocrx_word' id='word_1_53' title='bbox 336 834 420 859; x_wconf 90' lang='lat' dir='ltr'><strong>non</strong></span> <span class='ocrx_word' id='word_1_54' title='bbox 450 819 530 858; x_wconf 91' lang='lat' dir='ltr'><strong>iam</strong></span> <span class='ocrx_word' id='word_1_55' title='bbox 560 819 797 859; x_wconf 82' lang='lat' dir='ltr'><strong>mirabimur</strong></span> <span class='ocrx_word' id='word_1_56' title='bbox 827 818 939 871; x_wconf 92' lang='lat' dir='ltr'><strong>quod</strong></span> <span class='ocrx_word' id='word_1_57' title='bbox 970 805 1102 859; x_wconf 88' lang='lat' dir='ltr'><strong>simile</strong></span> <span class='ocrx_word' id='word_1_58' title='bbox 1133 834 1216 872; x_wconf 91' lang='lat' dir='ltr'><strong>quo</strong></span> <span class='ocrx_word' id='word_1_59' title='bbox 1245 819 1375 859; x_wconf 89' lang='lat' dir='ltr'><strong>utitur</strong></span> <span class='ocrx_word' id='word_1_60' title='bbox 1403 834 1587 861; x_wconf 90' lang='lat' dir='ltr'><strong>seorsum</strong></span> <span class='ocrx_word' id='word_1_61' title='bbox 1621 820 1803 874; x_wconf 89' lang='lat' dir='ltr'><strong>positum</strong></span> <span class='ocrx_word' id='word_1_62' title='bbox 1832 818 1947 860; x_wconf 89' lang='lat' dir='ltr'><strong>nulla</strong></span> <span class='ocrx_word' id='word_1_63' title='bbox 1979 819 2181 872; x_wconf 89' lang='lat' dir='ltr'><strong>particula</strong></span> <span class='ocrx_word' id='word_1_64' title='bbox 2208 833 2321 860; x_wconf 89' lang='lat' dir='ltr'><strong>com-</strong></span> 
     </span>
     <span class='ocr_line' id='line_1_11' title="bbox 337 889 2318 943; baseline 0 -15"><span class='ocrx_word' id='word_1_65' title='bbox 337 889 524 942; x_wconf 89' lang='lat' dir='ltr'><strong>parativa</strong></span> <span class='ocrx_word' id='word_1_66' title='bbox 553 902 647 928; x_wconf 92' lang='lat' dir='ltr'><strong>cum</strong></span> <span class='ocrx_word' id='word_1_67' title='bbox 678 902 839 928; x_wconf 88' lang='lat' dir='ltr'><strong>summa</strong></span> <span class='ocrx_word' id='word_1_68' title='bbox 868 889 1072 928; x_wconf 89' lang='lat' dir='ltr'><strong>sententia</strong></span> <span class='ocrx_word' id='word_1_69' title='bbox 1102 889 1380 943; x_wconf 84' lang='lat' dir='ltr'><strong>coniungitur,</strong></span> <span class='ocrx_word' id='word_1_70' title='bbox 1409 904 1550 929; x_wconf 91' lang='lat' dir='ltr'><strong>verum</strong></span> <span class='ocrx_word' id='word_1_71' title='bbox 1579 890 1681 930; x_wconf 89' lang='lat' dir='ltr'><strong>illud</strong></span> <span class='ocrx_word' id='word_1_72' title='bbox 1709 890 1881 930; x_wconf 80' lang='lat' dir='ltr'><strong>forsitan</strong></span> <span class='ocrx_word' id='word_1_73' title='bbox 1900 904 1983 929; x_wconf 90' lang='lat' dir='ltr'><strong>non</strong></span> <span class='ocrx_word' id='word_1_74' title='bbox 2008 889 2155 929; x_wconf 90' lang='lat' dir='ltr'><strong>iniuria</strong></span> <span class='ocrx_word' id='word_1_75' title='bbox 2173 889 2318 929; x_wconf 88' lang='lat' dir='ltr'><strong>mirum</strong></span> 
     </span>
     <span class='ocr_line' id='line_1_12' title="bbox 338 958 2321 1012; baseline 0.001 -14"><span class='ocrx_word' id='word_1_76' title='bbox 338 959 458 999; x_wconf 86' lang='lat' dir='ltr'><strong>alicui</strong></span> <span class='ocrx_word' id='word_1_77' title='bbox 480 958 683 1009; x_wconf 89' lang='lat' dir='ltr'><strong>videatur,</strong></span> <span class='ocrx_word' id='word_1_78' title='bbox 714 958 827 1011; x_wconf 91' lang='lat' dir='ltr'><strong>quod</strong></span> <span class='ocrx_word' id='word_1_79' title='bbox 857 973 909 998; x_wconf 92' lang='lat' dir='ltr'><strong>ne</strong></span> <span class='ocrx_word' id='word_1_80' title='bbox 939 973 990 998; x_wconf 86' lang='lat' dir='ltr'><strong>ex</strong></span> <span class='ocrx_word' id='word_1_81' title='bbox 1012 958 1140 998; x_wconf 89' lang='lat' dir='ltr'><strong>altera</strong></span> <span class='ocrx_word' id='word_1_82' title='bbox 1163 958 1328 1010; x_wconf 89' lang='lat' dir='ltr'><strong>quidem</strong></span> <span class='ocrx_word' id='word_1_83' title='bbox 1357 965 1475 1012; x_wconf 87' lang='lat' dir='ltr'><strong>parte</strong></span> <span class='ocrx_word' id='word_1_84' title='bbox 1506 974 1664 1000; x_wconf 89' lang='lat' dir='ltr'><strong>summa</strong></span> <span class='ocrx_word' id='word_1_85' title='bbox 1692 959 1898 1000; x_wconf 87' lang='lat' dir='ltr'><strong>sententia</strong></span> <span class='ocrx_word' id='word_1_86' title='bbox 1926 959 2047 1000; x_wconf 82' lang='lat' dir='ltr'><strong>simili</strong></span> <span class='ocrx_word' id='word_1_87' title='bbox 2077 958 2321 1000; x_wconf 78' lang='lat' dir='ltr'><strong>adnectatur</strong></span> 
     </span>
     <span class='ocr_line' id='line_1_13' title="bbox 337 1023 2323 1083; baseline 0 -13"><span class='ocrx_word' id='word_1_88' title='bbox 337 1029 405 1070; x_wconf 88' lang='lat' dir='ltr'><strong>vel</strong></span> <span class='ocrx_word' id='word_1_89' title='bbox 441 1029 512 1070; x_wconf 91' lang='lat' dir='ltr'><strong>illo</strong></span> <span class='ocrx_word' id='word_1_90' title='bbox 544 1028 667 1069; x_wconf 91' lang='lat' dir='ltr'><strong>modo</strong></span> <span class='ocrx_word' id='word_1_91' title='bbox 701 1042 784 1082; x_wconf 90' lang='lat' dir='ltr'><strong>quo</strong></span> <span class='ocrx_word' id='word_1_92' title='bbox 814 1028 1017 1082; x_wconf 87' lang='lat' dir='ltr'><strong>interpres</strong></span> <span class='ocrx_word' id='word_1_93' title='bbox 1049 1027 1234 1070; x_wconf 88' lang='lat' dir='ltr'><strong>Graecus</strong></span> <span class='ocrx_word' id='word_1_94' title='bbox 1265 1029 1493 1070; x_wconf 89' lang='lat' dir='ltr'><strong>orationem</strong></span> <span class='ocrx_word' id='word_1_95' title='bbox 1528 1029 1823 1071; x_wconf 84' lang='lat' dir='ltr'><strong>circumscribit</strong></span> <span class='ocrx_word' id='word_1_96' title='bbox 1857 1023 1948 1071; x_wconf 66' lang='grc' dir='ltr'>οὕτω</span> <span class='ocrx_word' id='word_1_97' title='bbox 1981 1026 2029 1083; x_wconf 77' lang='grc' dir='ltr'><strong>δὴ</strong></span> <span class='ocrx_word' id='word_1_98' title='bbox 2063 1027 2163 1083; x_wconf 70' lang='grc' dir='ltr'><strong>κάγώ</strong></span> <span class='ocrx_word' id='word_1_99' title='bbox 2196 1027 2323 1081; x_wconf 68' lang='grc' dir='ltr'>ἀπορῶ</span> 
     </span>
     <span class='ocr_line' id='line_1_14' title="bbox 334 1096 2319 1151; baseline 0.001 -12"><span class='ocrx_word' id='word_1_100' title='bbox 334 1099 450 1141; x_wconf 66' lang='grc' dir='ltr'>πόθεν</span> <span class='ocrx_word' id='word_1_101' title='bbox 479 1099 666 1147; x_wconf 70' lang='grc' dir='ltr'>εἰσβάλλων</span> <span class='ocrx_word' id='word_1_102' title='bbox 696 1098 759 1138; x_wconf 90' lang='lat' dir='ltr'><strong>vel</strong></span> <span class='ocrx_word' id='word_1_103' title='bbox 797 1103 843 1138; x_wconf 91' lang='lat' dir='ltr'><strong>ut</strong></span> <span class='ocrx_word' id='word_1_104' title='bbox 872 1099 914 1138; x_wconf 90' lang='lat' dir='ltr'><strong>in</strong></span> <span class='ocrx_word' id='word_1_105' title='bbox 944 1098 1086 1151; x_wconf 89' lang='lat' dir='ltr'><strong>idyllio</strong></span> <span class='ocrx_word' id='word_1_106' title='bbox 1106 1109 1190 1137; x_wconf 85' lang='lat' dir='ltr'><strong>xm</strong></span> <span class='ocrx_word' id='word_1_107' title='bbox 1217 1096 1417 1151; x_wconf 84' lang='grc' dir='ltr'>Ἡρακλέης</span> <span class='ocrx_word' id='word_1_108' title='bbox 1446 1102 1612 1147; x_wconf 81' lang='grc' dir='ltr'>τοιοῦτος,</span> <span class='ocrx_word' id='word_1_109' title='bbox 1642 1099 1718 1140; x_wconf 89' lang='lat' dir='ltr'><strong>sed</strong></span> <span class='ocrx_word' id='word_1_110' title='bbox 1746 1113 1829 1139; x_wconf 93' lang='lat' dir='ltr'><strong>non</strong></span> <span class='ocrx_word' id='word_1_111' title='bbox 1856 1100 1944 1140; x_wconf 91' lang='lat' dir='ltr'><strong>sine</strong></span> <span class='ocrx_word' id='word_1_112' title='bbox 1973 1100 2090 1140; x_wconf 91' lang='lat' dir='ltr'><strong>hiatu</strong></span> <span class='ocrx_word' id='word_1_113' title='bbox 2119 1100 2319 1140; x_wconf 90' lang='lat' dir='ltr'><strong>orationis</strong></span> 
     </span>
     <span class='ocr_line' id='line_1_15' title="bbox 333 1167 2319 1224; baseline 0 -13"><span class='ocrx_word' id='word_1_114' title='bbox 333 1185 387 1211; x_wconf 84' lang='lat' dir='ltr'><strong>ex</strong></span> <span class='ocrx_word' id='word_1_115' title='bbox 407 1169 712 1224; x_wconf 85' lang='lat' dir='ltr'><strong>comparatione</strong></span> <span class='ocrx_word' id='word_1_116' title='bbox 742 1167 963 1223; x_wconf 87' lang='lat' dir='ltr'><strong>lignicidae</strong></span> <span class='ocrx_word' id='word_1_117' title='bbox 983 1168 1098 1208; x_wconf 87' lang='lat' dir='ltr'><strong>Idaei</strong></span> <span class='ocrx_word' id='word_1_118' title='bbox 1129 1168 1325 1210; x_wconf 91' lang='lat' dir='ltr'><strong>continuo</strong></span> <span class='ocrx_word' id='word_1_119' title='bbox 1354 1169 1605 1210; x_wconf 78' lang='lat' dir='ltr'><strong>transiliatur</strong></span> <span class='ocrx_word' id='word_1_120' title='bbox 1634 1169 1688 1210; x_wconf 88' lang='lat' dir='ltr'><strong>ad</strong></span> <span class='ocrx_word' id='word_1_121' title='bbox 1717 1168 1941 1211; x_wconf 87' lang='lat' dir='ltr'><strong>dubitantis</strong></span> <span class='ocrx_word' id='word_1_122' title='bbox 1971 1177 2118 1223; x_wconf 88' lang='lat' dir='ltr'><strong>poetae</strong></span> <span class='ocrx_word' id='word_1_123' title='bbox 2146 1170 2319 1211; x_wconf 89' lang='lat' dir='ltr'><strong>interro-</strong></span> 
     </span>
     <span class='ocr_line' id='line_1_16' title="bbox 334 1237 2318 1298; baseline 0.001 -18"><span class='ocrx_word' id='word_1_124' title='bbox 334 1241 545 1298; x_wconf 84' lang='lat' dir='ltr'><strong>gationem</strong></span> <span class='ocrx_word' id='word_1_125' title='bbox 577 1237 618 1279; x_wconf 81' lang='grc' dir='ltr'>τί</span> <span class='ocrx_word' id='word_1_126' title='bbox 641 1241 780 1289; x_wconf 80' lang='grc' dir='ltr'>πρῶτον</span> <span class='ocrx_word' id='word_1_127' title='bbox 809 1240 1016 1290; x_wconf 83' lang='grc' dir='ltr'>καταλέξω,</span> <span class='ocrx_word' id='word_1_128' title='bbox 1049 1240 1166 1279; x_wconf 89' lang='lat' dir='ltr'><strong>cuius</strong></span> <span class='ocrx_word' id='word_1_129' title='bbox 1196 1240 1504 1292; x_wconf 86' lang='lat' dir='ltr'><strong>praeparandae</strong></span> <span class='ocrx_word' id='word_1_130' title='bbox 1534 1254 1583 1280; x_wconf 91' lang='lat' dir='ltr'><strong>ac</strong></span> <span class='ocrx_word' id='word_1_131' title='bbox 1612 1239 1884 1280; x_wconf 85' lang='lat' dir='ltr'><strong>declarandae</strong></span> <span class='ocrx_word' id='word_1_132' title='bbox 1912 1254 2038 1281; x_wconf 88' lang='lat' dir='ltr'><strong>causa</strong></span> <span class='ocrx_word' id='word_1_133' title='bbox 2067 1241 2318 1294; x_wconf 84' lang='lat' dir='ltr'><strong>comparatio</strong></span> 
     </span>
     <span class='ocr_line' id='line_1_17' title="bbox 335 1308 2321 1363; baseline 0 -13"><span class='ocrx_word' id='word_1_134' title='bbox 335 1311 525 1351; x_wconf 88' lang='lat' dir='ltr'><strong>instituta</strong></span> <span class='ocrx_word' id='word_1_135' title='bbox 555 1314 630 1350; x_wconf 88' lang='lat' dir='ltr'><strong>est.</strong></span> <span class='ocrx_word' id='word_1_136' title='bbox 688 1309 740 1349; x_wconf 90' lang='lat' dir='ltr'><strong>In</strong></span> <span class='ocrx_word' id='word_1_137' title='bbox 771 1323 853 1361; x_wconf 91' lang='lat' dir='ltr'><strong>qua</strong></span> <span class='ocrx_word' id='word_1_138' title='bbox 883 1308 1208 1348; x_wconf 90' lang='lat' dir='ltr'><strong>conformatione</strong></span> <span class='ocrx_word' id='word_1_139' title='bbox 1238 1309 1433 1349; x_wconf 87' lang='lat' dir='ltr'><strong>orationis</strong></span> <span class='ocrx_word' id='word_1_140' title='bbox 1463 1324 1711 1362; x_wconf 91' lang='lat' dir='ltr'><strong>quamquam</strong></span> <span class='ocrx_word' id='word_1_141' title='bbox 1740 1323 1818 1350; x_wconf 91' lang='lat' dir='ltr'><strong>nos</strong></span> <span class='ocrx_word' id='word_1_142' title='bbox 1848 1310 2003 1362; x_wconf 89' lang='lat' dir='ltr'><strong>aliquid</strong></span> <span class='ocrx_word' id='word_1_143' title='bbox 2032 1310 2196 1349; x_wconf 89' lang='lat' dir='ltr'><strong>duritiei</strong></span> <span class='ocrx_word' id='word_1_144' title='bbox 2224 1324 2321 1363; x_wconf 91' lang='lat' dir='ltr'><strong>per·</strong></span> 
     </span>
     <span class='ocr_line' id='line_1_18' title="bbox 334 1371 2320 1433; baseline -0.001 -12"><span class='ocrx_word' id='word_1_145' title='bbox 334 1381 557 1421; x_wconf 88' lang='lat' dir='ltr'><strong>sentiscere</strong></span> <span class='ocrx_word' id='word_1_146' title='bbox 578 1379 780 1429; x_wconf 86' lang='lat' dir='ltr'><strong>videmur,</strong></span> <span class='ocrx_word' id='word_1_147' title='bbox 808 1385 948 1419; x_wconf 87' lang='lat' dir='ltr'><strong>tamen</strong></span> <span class='ocrx_word' id='word_1_148' title='bbox 978 1379 1100 1419; x_wconf 91' lang='lat' dir='ltr'><strong>iidem</strong></span> <span class='ocrx_word' id='word_1_149' title='bbox 1130 1378 1210 1418; x_wconf 88' lang='lat' dir='ltr'><strong>hoc</strong></span> <span class='ocrx_word' id='word_1_150' title='bbox 1240 1378 1453 1419; x_wconf 85' lang='lat' dir='ltr'><strong>ferendum</strong></span> <span class='ocrx_word' id='word_1_151' title='bbox 1474 1394 1565 1420; x_wconf 90' lang='lat' dir='ltr'><strong>esse</strong></span> <span class='ocrx_word' id='word_1_152' title='bbox 1597 1393 1812 1420; x_wconf 86' lang='lat' dir='ltr'><strong>censemus</strong></span> <span class='ocrx_word' id='word_1_153' title='bbox 1841 1371 1974 1433; x_wconf 80' lang='lat' dir='ltr'><strong>neque</strong></span> <span class='ocrx_word' id='word_1_154' title='bbox 2005 1394 2056 1420; x_wconf 86' lang='lat' dir='ltr'><strong>ex</strong></span> <span class='ocrx_word' id='word_1_155' title='bbox 2082 1394 2130 1419; x_wconf 90' lang='lat' dir='ltr'><strong>ea</strong></span> <span class='ocrx_word' id='word_1_156' title='bbox 2158 1394 2202 1420; x_wconf 90' lang='lat' dir='ltr'><strong>re</strong></span> <span class='ocrx_word' id='word_1_157' title='bbox 2231 1379 2320 1420; x_wconf 90' lang='lat' dir='ltr'><strong>sola</strong></span> 
     </span>
     <span class='ocr_line' id='line_1_19' title="bbox 333 1449 2317 1503; baseline 0 -13"><span class='ocrx_word' id='word_1_158' title='bbox 333 1451 613 1503; x_wconf 87' lang='lat' dir='ltr'><strong>suspicionem</strong></span> <span class='ocrx_word' id='word_1_159' title='bbox 648 1449 700 1489; x_wconf 94' lang='lat' dir='ltr'><strong>de</strong></span> <span class='ocrx_word' id='word_1_160' title='bbox 737 1450 837 1489; x_wconf 91' lang='lat' dir='ltr'><strong>vitio</strong></span> <span class='ocrx_word' id='word_1_161' title='bbox 873 1464 1017 1502; x_wconf 85' lang='lat' dir='ltr'><strong>capere</strong></span> <span class='ocrx_word' id='word_1_162' title='bbox 1052 1449 1192 1489; x_wconf 90' lang='lat' dir='ltr'><strong>licere:</strong></span> <span class='ocrx_word' id='word_1_163' title='bbox 1231 1449 1310 1489; x_wconf 90' lang='lat' dir='ltr'><strong>nisi</strong></span> <span class='ocrx_word' id='word_1_164' title='bbox 1344 1449 1450 1489; x_wconf 83' lang='lat' dir='ltr'><strong>forte</strong></span> <span class='ocrx_word' id='word_1_165' title='bbox 1487 1449 1651 1490; x_wconf 88' lang='lat' dir='ltr'><strong>aliunde</strong></span> <span class='ocrx_word' id='word_1_166' title='bbox 1686 1456 1972 1503; x_wconf 84' lang='lat' dir='ltr'><strong>argumentum</strong></span> <span class='ocrx_word' id='word_1_167' title='bbox 2007 1449 2194 1500; x_wconf 84' lang='lat' dir='ltr'><strong>accedat,</strong></span> <span class='ocrx_word' id='word_1_168' title='bbox 2234 1464 2317 1502; x_wconf 92' lang='lat' dir='ltr'><strong>quo</strong></span> 
     </span>
     <span class='ocr_line' id='line_1_20' title="bbox 335 1517 2317 1574; baseline -0.002 -13"><span class='ocrx_word' id='word_1_169' title='bbox 335 1519 549 1574; x_wconf 89' lang='lat' dir='ltr'><strong>probabile</strong></span> <span class='ocrx_word' id='word_1_170' title='bbox 583 1518 699 1560; x_wconf 90' lang='lat' dir='ltr'><strong>reddi</strong></span> <span class='ocrx_word' id='word_1_171' title='bbox 733 1519 887 1573; x_wconf 82' lang='lat' dir='ltr'><strong>possit,</strong></span> <span class='ocrx_word' id='word_1_172' title='bbox 924 1524 1072 1572; x_wconf 88' lang='lat' dir='ltr'><strong>poetae</strong></span> <span class='ocrx_word' id='word_1_173' title='bbox 1102 1518 1330 1565; x_wconf 86' lang='lat' dir='ltr'><strong>orationem</strong></span> <span class='ocrx_word' id='word_1_174' title='bbox 1366 1517 1445 1559; x_wconf 90' lang='lat' dir='ltr'><strong>hac</strong></span> <span class='ocrx_word' id='word_1_175' title='bbox 1478 1523 1596 1573; x_wconf 87' lang='lat' dir='ltr'><strong>parte</strong></span> <span class='ocrx_word' id='word_1_176' title='bbox 1630 1519 1832 1574; x_wconf 84' lang='lat' dir='ltr'><strong>integram</strong></span> <span class='ocrx_word' id='word_1_177' title='bbox 1867 1532 1951 1560; x_wconf 88' lang='lat' dir='ltr'><strong>non</strong></span> <span class='ocrx_word' id='word_1_178' title='bbox 1982 1532 2073 1560; x_wconf 87' lang='lat' dir='ltr'><strong>esse</strong></span> <span class='ocrx_word' id='word_1_179' title='bbox 2104 1524 2317 1568; x_wconf 85' lang='lat' dir='ltr'><strong>servatam.</strong></span> 
     </span>
     <span class='ocr_line' id='line_1_21' title="bbox 334 1589 2319 1643; baseline -0.001 -13"><span class='ocrx_word' id='word_1_180' title='bbox 334 1590 461 1642; x_wconf 83' lang='lat' dir='ltr'><strong>Quod</strong></span> <span class='ocrx_word' id='word_1_181' title='bbox 492 1589 612 1643; x_wconf 90' lang='lat' dir='ltr'><strong>quale</strong></span> <span class='ocrx_word' id='word_1_182' title='bbox 642 1589 697 1630; x_wconf 91' lang='lat' dir='ltr'><strong>sit</strong></span> <span class='ocrx_word' id='word_1_183' title='bbox 725 1594 772 1629; x_wconf 92' lang='lat' dir='ltr'><strong>ut</strong></span> <span class='ocrx_word' id='word_1_184' title='bbox 807 1589 993 1643; x_wconf 90' lang='lat' dir='ltr'><strong>patefiat,</strong></span> <span class='ocrx_word' id='word_1_185' title='bbox 1029 1589 1260 1629; x_wconf 88' lang='lat' dir='ltr'><strong>accuratius</strong></span> <span class='ocrx_word' id='word_1_186' title='bbox 1290 1603 1413 1642; x_wconf 90' lang='lat' dir='ltr'><strong>quam</strong></span> <span class='ocrx_word' id='word_1_187' title='bbox 1443 1589 1494 1629; x_wconf 93' lang='lat' dir='ltr'><strong>ab</strong></span> <span class='ocrx_word' id='word_1_188' title='bbox 1524 1590 1813 1643; x_wconf 87' lang='lat' dir='ltr'><strong>interpretibus</strong></span> <span class='ocrx_word' id='word_1_189' title='bbox 1848 1589 1936 1629; x_wconf 90' lang='lat' dir='ltr'><strong>fieri</strong></span> <span class='ocrx_word' id='word_1_190' title='bbox 1965 1589 2089 1639; x_wconf 89' lang='lat' dir='ltr'><strong>solet,</strong></span> <span class='ocrx_word' id='word_1_191' title='bbox 2124 1590 2252 1630; x_wconf 88' lang='lat' dir='ltr'><strong>verba</strong></span> <span class='ocrx_word' id='word_1_192' title='bbox 2279 1591 2319 1629; x_wconf 83' lang='grc' dir='ltr'><strong>ἐκ</strong></span> 
     </span>
     <span class='ocr_line' id='line_1_22' title="bbox 332 1659 2320 1718; baseline 0 -18"><span class='ocrx_word' id='word_1_193' title='bbox 332 1661 495 1712; x_wconf 82' lang='grc' dir='ltr'>πατέρων</span> <span class='ocrx_word' id='word_1_194' title='bbox 525 1675 563 1699; x_wconf 93' lang='lat' dir='ltr'><strong>v.</strong></span> <span class='ocrx_word' id='word_1_195' title='bbox 589 1662 640 1700; x_wconf 90' lang='lat'><strong>13</strong></span> <span class='ocrx_word' id='word_1_196' title='bbox 671 1659 943 1718; x_wconf 85' lang='lat' dir='ltr'><strong>expendenda</strong></span> <span class='ocrx_word' id='word_1_197' title='bbox 972 1666 1085 1699; x_wconf 90' lang='lat' dir='ltr'><strong>sunt:</strong></span> <span class='ocrx_word' id='word_1_198' title='bbox 1117 1673 1221 1711; x_wconf 85' lang='lat' dir='ltr'><strong>quae</strong></span> <span class='ocrx_word' id='word_1_199' title='bbox 1242 1673 1324 1699; x_wconf 90' lang='lat' dir='ltr'><strong>non</strong></span> <span class='ocrx_word' id='word_1_200' title='bbox 1344 1674 1391 1699; x_wconf 92' lang='lat' dir='ltr'><strong>ea</strong></span> <span class='ocrx_word' id='word_1_201' title='bbox 1411 1660 1451 1699; x_wconf 88' lang='lat' dir='ltr'><strong>vi</strong></span> <span class='ocrx_word' id='word_1_202' title='bbox 1479 1660 1618 1712; x_wconf 90' lang='lat' dir='ltr'><strong>posita</strong></span> <span class='ocrx_word' id='word_1_203' title='bbox 1636 1659 1840 1710; x_wconf 85' lang='lat' dir='ltr'><strong>videntur,</strong></span> <span class='ocrx_word' id='word_1_204' title='bbox 1869 1659 2012 1712; x_wconf 87' lang='lat' dir='ltr'><strong>quain</strong></span> <span class='ocrx_word' id='word_1_205' title='bbox 2031 1659 2174 1713; x_wconf 86' lang='lat' dir='ltr'><strong>idyllio</strong></span> <span class='ocrx_word' id='word_1_206' title='bbox 2193 1670 2320 1711; x_wconf 75' lang='lat' dir='ltr'><strong>XXIV,</strong></span> 
     </span>
     <span class='ocr_line' id='line_1_23' title="bbox 338 1726 2321 1784; baseline -0.002 -11"><span class='ocrx_word' id='word_1_207' title='bbox 338 1732 418 1773; x_wconf 87' lang='lat'><strong>106</strong></span> <span class='ocrx_word' id='word_1_208' title='bbox 444 1726 602 1782; x_wconf 76' lang='grc' dir='ltr'>Εὔρυτος</span> <span class='ocrx_word' id='word_1_209' title='bbox 622 1731 661 1771; x_wconf 83' lang='grc' dir='ltr'><strong>ἐκ</strong></span> <span class='ocrx_word' id='word_1_210' title='bbox 688 1730 850 1781; x_wconf 82' lang='grc' dir='ltr'>πατέρων</span> <span class='ocrx_word' id='word_1_211' title='bbox 879 1728 1050 1783; x_wconf 73' lang='grc' dir='ltr'>μεγάλαις</span> <span class='ocrx_word' id='word_1_212' title='bbox 1080 1726 1218 1779; x_wconf 80' lang='grc' dir='ltr'>οἶφνειός</span> <span class='ocrx_word' id='word_1_213' title='bbox 1247 1728 1423 1781; x_wconf 73' lang='grc' dir='ltr'>ἀρούραις,</span> <span class='ocrx_word' id='word_1_214' title='bbox 1453 1730 1518 1771; x_wconf 91' lang='lat' dir='ltr'><strong>vel</strong></span> <span class='ocrx_word' id='word_1_215' title='bbox 1548 1731 1589 1770; x_wconf 91' lang='lat' dir='ltr'><strong>in</strong></span> <span class='ocrx_word' id='word_1_216' title='bbox 1618 1729 1761 1784; x_wconf 89' lang='lat' dir='ltr'><strong>idyllio</strong></span> <span class='ocrx_word' id='word_1_217' title='bbox 1780 1741 1874 1781; x_wconf 74' lang='grc' dir='ltr'><strong>ΧΠ,</strong></span> <span class='ocrx_word' id='word_1_218' title='bbox 1894 1729 1946 1771; x_wconf 88' lang='grc'><strong>33</strong></span> <span class='ocrx_word' id='word_1_219' title='bbox 1977 1726 2076 1782; x_wconf 81' lang='grc' dir='ltr'>α’χὴν</span> <span class='ocrx_word' id='word_1_220' title='bbox 2097 1730 2136 1770; x_wconf 82' lang='grc' dir='ltr'><strong>ἐκ</strong></span> <span class='ocrx_word' id='word_1_221' title='bbox 2161 1729 2321 1782; x_wconf 82' lang='grc' dir='ltr'>πατέρων</span> 
     </span>
     <span class='ocr_line' id='line_1_24' title="bbox 334 1798 2319 1855; baseline 0.001 -14"><span class='ocrx_word' id='word_1_222' title='bbox 334 1798 453 1854; x_wconf 83' lang='grc' dir='ltr'>πενίην</span> <span class='ocrx_word' id='word_1_223' title='bbox 473 1800 659 1854; x_wconf 81' lang='grc' dir='ltr'>α’κτήμονα</span> <span class='ocrx_word' id='word_1_224' title='bbox 678 1798 812 1841; x_wconf 77' lang='grc' dir='ltr'>κλαίων</span> <span class='ocrx_word' id='word_1_225' title='bbox 841 1799 913 1853; x_wconf 84' lang='lat' dir='ltr'><strong>(cf.</strong></span> <span class='ocrx_word' id='word_1_226' title='bbox 935 1799 990 1840; x_wconf 90' lang='lat' dir='ltr'><strong>id.</strong></span> <span class='ocrx_word' id='word_1_227' title='bbox 1012 1812 1124 1850; x_wconf 86' lang='lat' dir='ltr'><strong>xxn,</strong></span> <span class='ocrx_word' id='word_1_228' title='bbox 1158 1801 1276 1852; x_wconf 89' lang='grc'><strong>170);</strong></span> <span class='ocrx_word' id='word_1_229' title='bbox 1306 1814 1439 1853; x_wconf 88' lang='lat' dir='ltr'><strong>neque</strong></span> <span class='ocrx_word' id='word_1_230' title='bbox 1469 1802 1577 1841; x_wconf 91' lang='lat' dir='ltr'><strong>enim</strong></span> <span class='ocrx_word' id='word_1_231' title='bbox 1608 1801 1709 1842; x_wconf 87' lang='lat' dir='ltr'><strong>satis</strong></span> <span class='ocrx_word' id='word_1_232' title='bbox 1738 1807 1833 1853; x_wconf 86' lang='lat' dir='ltr'><strong>apte</strong></span> <span class='ocrx_word' id='word_1_233' title='bbox 1853 1801 2115 1841; x_wconf 89' lang='lat' dir='ltr'><strong>Ptolemaeus</strong></span> <span class='ocrx_word' id='word_1_234' title='bbox 2135 1800 2319 1855; x_wconf 85' lang='lat' dir='ltr'><strong>Lagides</strong></span> 
     </span>
     <span class='ocr_line' id='line_1_25' title="bbox 334 1869 2320 1926; baseline -0.001 -14"><span class='ocrx_word' id='word_1_235' title='bbox 334 1887 360 1912; x_wconf 89' lang='lat' dir='ltr'><strong>a</strong></span> <span class='ocrx_word' id='word_1_236' title='bbox 388 1872 577 1926; x_wconf 89' lang='lat' dir='ltr'><strong>patribus</strong></span> <span class='ocrx_word' id='word_1_237' title='bbox 607 1876 822 1924; x_wconf 87' lang='lat' dir='ltr'><strong>acceptam</strong></span> <span class='ocrx_word' id='word_1_238' title='bbox 852 1869 1005 1911; x_wconf 90' lang='lat' dir='ltr'><strong>habere</strong></span> <span class='ocrx_word' id='word_1_239' title='bbox 1035 1869 1197 1910; x_wconf 88' lang='lat' dir='ltr'><strong>dicatur</strong></span> <span class='ocrx_word' id='word_1_240' title='bbox 1215 1871 1408 1911; x_wconf 89' lang='lat' dir='ltr'><strong>virtutem</strong></span> <span class='ocrx_word' id='word_1_241' title='bbox 1438 1885 1561 1924; x_wconf 88' lang='lat' dir='ltr'><strong>quam</strong></span> <span class='ocrx_word' id='word_1_242' title='bbox 1590 1872 1669 1926; x_wconf 90' lang='lat' dir='ltr'><strong>ipsi</strong></span> <span class='ocrx_word' id='word_1_243' title='bbox 1698 1871 1906 1925; x_wconf 89' lang='lat' dir='ltr'><strong>propriam</strong></span> <span class='ocrx_word' id='word_1_244' title='bbox 1936 1876 1978 1910; x_wconf 88' lang='lat' dir='ltr'><strong>et</strong></span> <span class='ocrx_word' id='word_1_245' title='bbox 2005 1871 2229 1925; x_wconf 83' lang='lat' dir='ltr'><strong>ingenitam</strong></span> <span class='ocrx_word' id='word_1_246' title='bbox 2253 1871 2320 1911; x_wconf 92' lang='lat' dir='ltr'><strong>vel</strong></span> 
     </span>
     <span class='ocr_line' id='line_1_26' title="bbox 335 1933 2322 1995; baseline -0.001 -12"><span class='ocrx_word' id='word_1_247' title='bbox 335 1943 510 1983; x_wconf 86' lang='lat' dir='ltr'><strong>maxime</strong></span> <span class='ocrx_word' id='word_1_248' title='bbox 541 1941 750 1982; x_wconf 87' lang='lat' dir='ltr'><strong>declarare</strong></span> <span class='ocrx_word' id='word_1_249' title='bbox 770 1941 903 1980; x_wconf 88' lang='lat' dir='ltr'><strong>voluit</strong></span> <span class='ocrx_word' id='word_1_250' title='bbox 932 1946 1057 1993; x_wconf 84' lang='lat' dir='ltr'><strong>poeta</strong></span> <span class='ocrx_word' id='word_1_251' title='bbox 1076 1941 1213 1981; x_wconf 91' lang='lat' dir='ltr'><strong>verbis</strong></span> <span class='ocrx_word' id='word_1_252' title='bbox 1245 1937 1314 1989; x_wconf 78' lang='grc' dir='ltr'>οἷος</span> <span class='ocrx_word' id='word_1_253' title='bbox 1343 1941 1405 1994; x_wconf 69' lang='grc' dir='ltr'><strong>μὲν</strong></span> <span class='ocrx_word' id='word_1_254' title='bbox 1434 1939 1492 1994; x_wconf 84' lang='grc' dir='ltr'><strong>ἔην</strong></span> <span class='ocrx_word' id='word_1_255' title='bbox 1518 1942 1663 1984; x_wconf 80' lang='grc' dir='ltr'>τελέσαι</span> <span class='ocrx_word' id='word_1_256' title='bbox 1691 1942 1782 1995; x_wconf 81' lang='grc' dir='ltr'>μέγα</span> <span class='ocrx_word' id='word_1_257' title='bbox 1812 1939 1909 1994; x_wconf 83' lang='grc' dir='ltr'>ἔργον</span> <span class='ocrx_word' id='word_1_258' title='bbox 1927 1933 1987 1982; x_wconf 61' lang='lat' dir='ltr'><strong>‘Ere</strong></span> <span class='ocrx_word' id='word_1_259' title='bbox 2016 1937 2139 1993; x_wconf 75' lang='grc' dir='ltr'>φρεσὶν</span> <span class='ocrx_word' id='word_1_260' title='bbox 2170 1940 2322 1992; x_wconf 73' lang='grc' dir='ltr'>ἐγκατά-</span> 
     </span>
     <span class='ocr_line' id='line_1_27' title="bbox 334 2003 2319 2066; baseline -0.001 -13"><span class='ocrx_word' id='word_1_261' title='bbox 334 2018 442 2055; x_wconf 59' lang='lat' dir='ltr'><strong>&amp;ono</strong></span> <span class='ocrx_word' id='word_1_262' title='bbox 477 2010 613 2061; x_wconf 76' lang='grc' dir='ltr'>βουλσὶν</span> <span class='ocrx_word' id='word_1_263' title='bbox 641 2003 683 2051; x_wconf 60' lang='grc' dir='ltr'><strong>ἓν</strong></span> <span class='ocrx_word' id='word_1_264' title='bbox 713 2012 777 2050; x_wconf 83' lang='grc' dir='ltr'><strong>οὐκ</strong></span> <span class='ocrx_word' id='word_1_265' title='bbox 812 2006 924 2058; x_wconf 73' lang='grc' dir='ltr'>ἄλλος</span> <span class='ocrx_word' id='word_1_266' title='bbox 959 2008 1046 2063; x_wconf 76' lang='grc' dir='ltr'>α’νήρ</span> <span class='ocrx_word' id='word_1_267' title='bbox 1077 2007 1148 2059; x_wconf 56' lang='grc' dir='ltr'><strong>οἳοῖ,-</strong></span> <span class='ocrx_word' id='word_1_268' title='bbox 1183 2027 1221 2051; x_wconf 89' lang='grc' dir='ltr'>τε</span> <span class='ocrx_word' id='word_1_269' title='bbox 1258 2012 1438 2065; x_wconf 73' lang='grc' dir='ltr'>νοῆσαι*).</span> <span class='ocrx_word' id='word_1_270' title='bbox 1496 2012 1643 2066; x_wconf 84' lang='lat' dir='ltr'><strong>Itaque</strong></span> <span class='ocrx_word' id='word_1_271' title='bbox 1679 2013 1718 2052; x_wconf 82' lang='grc' dir='ltr'><strong>ἐκ</strong></span> <span class='ocrx_word' id='word_1_272' title='bbox 1747 2012 1909 2063; x_wconf 81' lang='grc' dir='ltr'>πατέρων</span> <span class='ocrx_word' id='word_1_273' title='bbox 1937 2025 2021 2051; x_wconf 88' lang='lat' dir='ltr'><strong>non</strong></span> <span class='ocrx_word' id='word_1_274' title='bbox 2051 2011 2102 2052; x_wconf 85' lang='lat' dir='ltr'><strong>de</strong></span> <span class='ocrx_word' id='word_1_275' title='bbox 2132 2011 2319 2066; x_wconf 80' lang='lat' dir='ltr'><strong>Lagidae</strong></span> 
     </span>
     <span class='ocr_line' id='line_1_28' title="bbox 335 2074 2320 2135; baseline 0 -12"><span class='ocrx_word' id='word_1_276' title='bbox 335 2082 412 2124; x_wconf 83' lang='lat' dir='ltr'><strong>sed</strong></span> <span class='ocrx_word' id='word_1_277' title='bbox 442 2081 493 2123; x_wconf 84' lang='lat' dir='ltr'><strong>de</strong></span> <span class='ocrx_word' id='word_1_278' title='bbox 511 2081 775 2134; x_wconf 84' lang='lat' dir='ltr'><strong>Philadelphi</strong></span> <span class='ocrx_word' id='word_1_279' title='bbox 805 2074 993 2133; x_wconf 81' lang='lat' dir='ltr'><strong>patribus</strong></span> <span class='ocrx_word' id='word_1_280' title='bbox 1022 2081 1400 2135; x_wconf 87' lang='lat' dir='ltr'><strong>interpretabimur,</strong></span> <span class='ocrx_word' id='word_1_281' title='bbox 1430 2083 1683 2123; x_wconf 91' lang='lat' dir='ltr'><strong>commodius</strong></span> <span class='ocrx_word' id='word_1_282' title='bbox 1708 2081 1820 2122; x_wconf 90' lang='lat' dir='ltr'><strong>haud</strong></span> <span class='ocrx_word' id='word_1_283' title='bbox 1845 2081 1982 2132; x_wconf 88' lang='lat' dir='ltr'><strong>dubie,</strong></span> <span class='ocrx_word' id='word_1_284' title='bbox 2012 2096 2105 2122; x_wconf 92' lang='lat' dir='ltr'><strong>cum</strong></span> <span class='ocrx_word' id='word_1_285' title='bbox 2133 2096 2320 2135; x_wconf 89' lang='lat' dir='ltr'><strong>praeser-</strong></span> 
     </span>
     <span class='ocr_line' id='line_1_29' title="bbox 335 2148 2320 2206; baseline 0 -13"><span class='ocrx_word' id='word_1_286' title='bbox 335 2153 411 2193; x_wconf 88' lang='lat' dir='ltr'><strong>tim</strong></span> <span class='ocrx_word' id='word_1_287' title='bbox 440 2152 543 2193; x_wconf 90' lang='lat' dir='ltr'><strong>haec</strong></span> <span class='ocrx_word' id='word_1_288' title='bbox 563 2152 691 2192; x_wconf 88' lang='lat' dir='ltr'><strong>verba</strong></span> <span class='ocrx_word' id='word_1_289' title='bbox 720 2150 803 2191; x_wconf 92' lang='lat' dir='ltr'><strong>duo</strong></span> <span class='ocrx_word' id='word_1_290' title='bbox 835 2151 1159 2204; x_wconf 82' lang='lat' dir='ltr'><strong>complectantur</strong></span> <span class='ocrx_word' id='word_1_291' title='bbox 1187 2151 1226 2191; x_wconf 82' lang='grc' dir='ltr'><strong>ἐκ</strong></span> <span class='ocrx_word' id='word_1_292' title='bbox 1256 2152 1416 2203; x_wconf 88' lang='grc' dir='ltr'>πατέρων</span> <span class='ocrx_word' id='word_1_293' title='bbox 1445 2148 1515 2200; x_wconf 82' lang='grc' dir='ltr'><strong>οἶός</strong></span> <span class='ocrx_word' id='word_1_294' title='bbox 1543 2151 1603 2206; x_wconf 67' lang='grc' dir='ltr'><strong>μὲν</strong></span> <span class='ocrx_word' id='word_1_295' title='bbox 1633 2150 1691 2205; x_wconf 84' lang='grc' dir='ltr'><strong>ἔην</strong></span> <span class='ocrx_word' id='word_1_296' title='bbox 1710 2151 1889 2204; x_wconf 78' lang='grc' dir='ltr'>Ααγείδας</span> <span class='ocrx_word' id='word_1_297' title='bbox 1910 2153 2137 2205; x_wconf 76' lang='grc' dir='ltr'>Πτολεμαῖος</span> <span class='ocrx_word' id='word_1_298' title='bbox 2167 2153 2224 2206; x_wconf 88' lang='lat' dir='ltr'><strong>(v.</strong></span> <span class='ocrx_word' id='word_1_299' title='bbox 2250 2153 2320 2206; x_wconf 90' lang='lat'><strong>13)</strong></span> 
     </span>
     <span class='ocr_line' id='line_1_30' title="bbox 336 2219 2322 2276; baseline -0.001 -13"><span class='ocrx_word' id='word_1_300' title='bbox 336 2229 380 2263; x_wconf 83' lang='lat' dir='ltr'><strong>et</strong></span> <span class='ocrx_word' id='word_1_301' title='bbox 410 2220 467 2262; x_wconf 79' lang='grc' dir='ltr'>οἵα</span> <span class='ocrx_word' id='word_1_302' title='bbox 496 2222 534 2261; x_wconf 71' lang='grc' dir='ltr'><strong>δ’</strong></span> <span class='ocrx_word' id='word_1_303' title='bbox 554 2223 586 2262; x_wconf 82' lang='grc' dir='ltr'><strong>ἐν</strong></span> <span class='ocrx_word' id='word_1_304' title='bbox 618 2223 796 2261; x_wconf 83' lang='grc' dir='ltr'>πινυταῒσι</span> <span class='ocrx_word' id='word_1_305' title='bbox 824 2221 1033 2270; x_wconf 71' lang='grc' dir='ltr'>περικλειτοὶ</span> <span class='ocrx_word' id='word_1_306' title='bbox 1060 2219 1229 2273; x_wconf 79' lang='grc' dir='ltr'>Βερενίκα</span> <span class='ocrx_word' id='word_1_307' title='bbox 1259 2223 1316 2275; x_wconf 88' lang='lat' dir='ltr'><strong>(v.</strong></span> <span class='ocrx_word' id='word_1_308' title='bbox 1340 2223 1424 2276; x_wconf 87' lang='grc'>34).</span> <span class='ocrx_word' id='word_1_309' title='bbox 1487 2221 1747 2276; x_wconf 80' lang='lat' dir='ltr'><strong>Quamquam</strong></span> <span class='ocrx_word' id='word_1_310' title='bbox 1776 2223 1842 2262; x_wconf 89' lang='lat' dir='ltr'><strong>vel</strong></span> <span class='ocrx_word' id='word_1_311' title='bbox 1878 2222 1937 2264; x_wconf 83' lang='lat' dir='ltr'><strong>sic</strong></span> <span class='ocrx_word' id='word_1_312' title='bbox 1973 2221 2128 2275; x_wconf 83' lang='lat' dir='ltr'><strong>aliquid</strong></span> <span class='ocrx_word' id='word_1_313' title='bbox 2158 2222 2322 2263; x_wconf 80' lang='lat' dir='ltr'><strong>dubita-</strong></span> 
     </span>
     <span class='ocr_line' id='line_1_31' title="bbox 337 2291 2321 2346; baseline -0.001 -14"><span class='ocrx_word' id='word_1_314' title='bbox 337 2293 463 2333; x_wconf 87' lang='lat' dir='ltr'><strong>tionis</strong></span> <span class='ocrx_word' id='word_1_315' title='bbox 492 2292 634 2331; x_wconf 88' lang='lat' dir='ltr'><strong>haeret</strong></span> <span class='ocrx_word' id='word_1_316' title='bbox 663 2291 704 2330; x_wconf 93' lang='lat' dir='ltr'><strong>in</strong></span> <span class='ocrx_word' id='word_1_317' title='bbox 734 2291 866 2330; x_wconf 86' lang='lat' dir='ltr'><strong>forma</strong></span> <span class='ocrx_word' id='word_1_318' title='bbox 894 2291 1090 2343; x_wconf 86' lang='lat' dir='ltr'><strong>partitiva</strong></span> <span class='ocrx_word' id='word_1_319' title='bbox 1119 2292 1158 2330; x_wconf 81' lang='grc' dir='ltr'><strong>ἐκ</strong></span> <span class='ocrx_word' id='word_1_320' title='bbox 1188 2293 1348 2342; x_wconf 83' lang='grc' dir='ltr'>πατέρων</span> <span class='ocrx_word' id='word_1_321' title='bbox 1379 2292 1419 2331; x_wconf 93' lang='lat' dir='ltr'><strong>h.</strong></span> <span class='ocrx_word' id='word_1_322' title='bbox 1442 2307 1476 2332; x_wconf 91' lang='lat' dir='ltr'><strong>e.</strong></span> <span class='ocrx_word' id='word_1_323' title='bbox 1505 2296 1546 2332; x_wconf 80' lang='lat' dir='ltr'><strong>‘e</strong></span> <span class='ocrx_word' id='word_1_324' title='bbox 1576 2306 1746 2332; x_wconf 90' lang='lat' dir='ltr'><strong>numero</strong></span> <span class='ocrx_word' id='word_1_325' title='bbox 1776 2291 2006 2346; x_wconf 88' lang='lat' dir='ltr'><strong>parentum&#39;</strong></span> <span class='ocrx_word' id='word_1_326' title='bbox 2035 2292 2106 2344; x_wconf 87' lang='lat' dir='ltr'><strong>(cf.</strong></span> <span class='ocrx_word' id='word_1_327' title='bbox 2136 2291 2191 2331; x_wconf 85' lang='lat' dir='ltr'><strong>id.</strong></span> <span class='ocrx_word' id='word_1_328' title='bbox 2213 2303 2321 2341; x_wconf 78' lang='lat' dir='ltr'><strong>xxv,</strong></span> 
     </span>
     <span class='ocr_line' id='line_1_32' title="bbox 342 2360 2318 2415; baseline 0 -14"><span class='ocrx_word' id='word_1_329' title='bbox 342 2364 461 2415; x_wconf 85' lang='lat'><strong>117),</strong></span> <span class='ocrx_word' id='word_1_330' title='bbox 498 2362 596 2413; x_wconf 89' lang='lat' dir='ltr'><strong>quia</strong></span> <span class='ocrx_word' id='word_1_331' title='bbox 625 2360 866 2401; x_wconf 85' lang='lat' dir='ltr'><strong>Theocritus</strong></span> <span class='ocrx_word' id='word_1_332' title='bbox 903 2360 954 2400; x_wconf 90' lang='lat' dir='ltr'><strong>de</strong></span> <span class='ocrx_word' id='word_1_333' title='bbox 989 2361 1175 2414; x_wconf 89' lang='lat' dir='ltr'><strong>pluribus</strong></span> <span class='ocrx_word' id='word_1_334' title='bbox 1211 2375 1333 2414; x_wconf 90' lang='lat' dir='ltr'><strong>quam</strong></span> <span class='ocrx_word' id='word_1_335' title='bbox 1369 2361 1419 2401; x_wconf 90' lang='lat' dir='ltr'><strong>de</strong></span> <span class='ocrx_word' id='word_1_336' title='bbox 1455 2367 1569 2414; x_wconf 91' lang='lat' dir='ltr'><strong>patre</strong></span> <span class='ocrx_word' id='word_1_337' title='bbox 1605 2368 1646 2401; x_wconf 92' lang='lat' dir='ltr'><strong>et</strong></span> <span class='ocrx_word' id='word_1_338' title='bbox 1683 2367 1811 2402; x_wconf 89' lang='lat' dir='ltr'><strong>matre</strong></span> <span class='ocrx_word' id='word_1_339' title='bbox 1840 2360 2104 2414; x_wconf 87' lang='lat' dir='ltr'><strong>Philadelphi</strong></span> <span class='ocrx_word' id='word_1_340' title='bbox 2133 2361 2318 2401; x_wconf 88' lang='lat' dir='ltr'><strong>dicturus</strong></span> 
     </span>
     <span class='ocr_line' id='line_1_33' title="bbox 338 2429 2322 2485; baseline -0.001 -13"><span class='ocrx_word' id='word_1_341' title='bbox 338 2447 423 2472; x_wconf 89' lang='lat' dir='ltr'><strong>non</strong></span> <span class='ocrx_word' id='word_1_342' title='bbox 453 2438 527 2472; x_wconf 90' lang='lat' dir='ltr'><strong>est.</strong></span> <span class='ocrx_word' id='word_1_343' title='bbox 587 2431 704 2471; x_wconf 89' lang='lat' dir='ltr'><strong>Inter</strong></span> <span class='ocrx_word' id='word_1_344' title='bbox 732 2431 980 2471; x_wconf 89' lang='lat' dir='ltr'><strong>vetustiores</strong></span> <span class='ocrx_word' id='word_1_345' title='bbox 1009 2432 1254 2485; x_wconf 87' lang='lat' dir='ltr'><strong>interpretes</strong></span> <span class='ocrx_word' id='word_1_346' title='bbox 1290 2431 1455 2471; x_wconf 85' lang='lat' dir='ltr'><strong>fuerunt</strong></span> <span class='ocrx_word' id='word_1_347' title='bbox 1485 2432 1554 2484; x_wconf 89' lang='lat' dir='ltr'><strong>qui</strong></span> <span class='ocrx_word' id='word_1_348' title='bbox 1583 2431 1685 2472; x_wconf 88' lang='lat' dir='ltr'><strong>haec</strong></span> <span class='ocrx_word' id='word_1_349' title='bbox 1715 2432 1772 2472; x_wconf 90' lang='lat' dir='ltr'><strong>ita</strong></span> <span class='ocrx_word' id='word_1_350' title='bbox 1805 2431 2026 2472; x_wconf 90' lang='lat' dir='ltr'><strong>redderent</strong></span> <span class='ocrx_word' id='word_1_351' title='bbox 2052 2429 2115 2471; x_wconf 77' lang='lat' dir='ltr'><strong>‘ut</strong></span> <span class='ocrx_word' id='word_1_352' title='bbox 2144 2446 2169 2471; x_wconf 87' lang='lat' dir='ltr'><strong>a</strong></span> <span class='ocrx_word' id='word_1_353' title='bbox 2197 2432 2322 2471; x_wconf 85' lang='lat' dir='ltr'><strong>maio·</strong></span> 
     </span>
     <span class='ocr_line' id='line_1_34' title="bbox 336 2499 2322 2554; baseline -0.001 -12"><span class='ocrx_word' id='word_1_354' title='bbox 336 2502 448 2542; x_wconf 70' lang='lat' dir='ltr'><strong>ribus</strong></span> <span class='ocrx_word' id='word_1_355' title='bbox 477 2501 647 2551; x_wconf 79' lang='lat' dir='ltr'><strong>ordiar’‚</strong></span> <span class='ocrx_word' id='word_1_356' title='bbox 677 2513 761 2540; x_wconf 89' lang='lat' dir='ltr'><strong>non</strong></span> <span class='ocrx_word' id='word_1_357' title='bbox 790 2500 927 2554; x_wconf 87' lang='lat' dir='ltr'><strong>inepte</strong></span> <span class='ocrx_word' id='word_1_358' title='bbox 958 2500 1011 2540; x_wconf 92' lang='lat' dir='ltr'><strong>ad</strong></span> <span class='ocrx_word' id='word_1_359' title='bbox 1039 2514 1217 2551; x_wconf 89' lang='lat' dir='ltr'><strong>sensum,</strong></span> <span class='ocrx_word' id='word_1_360' title='bbox 1253 2499 1328 2540; x_wconf 90' lang='lat' dir='ltr'><strong>sed</strong></span> <span class='ocrx_word' id='word_1_361' title='bbox 1355 2506 1402 2540; x_wconf 89' lang='lat' dir='ltr'><strong>ut</strong></span> <span class='ocrx_word' id='word_1_362' title='bbox 1428 2502 1603 2541; x_wconf 90' lang='lat' dir='ltr'><strong>orationi</strong></span> <span class='ocrx_word' id='word_1_363' title='bbox 1632 2515 1715 2541; x_wconf 90' lang='lat' dir='ltr'><strong>non</strong></span> <span class='ocrx_word' id='word_1_364' title='bbox 1746 2501 1975 2542; x_wconf 87' lang='lat' dir='ltr'><strong>satisfieret.</strong></span> <span class='ocrx_word' id='word_1_365' title='bbox 2034 2500 2119 2542; x_wconf 87' lang='lat' dir='ltr'><strong>Sed</strong></span> <span class='ocrx_word' id='word_1_366' title='bbox 2147 2515 2322 2554; x_wconf 88' lang='lat' dir='ltr'><strong>perpen-</strong></span> 
     </span>
     <span class='ocr_line' id='line_1_35' title="bbox 337 2570 2321 2626; baseline -0.001 -13"><span class='ocrx_word' id='word_1_367' title='bbox 337 2573 397 2614; x_wconf 85' lang='lat' dir='ltr'><strong>sis</strong></span> <span class='ocrx_word' id='word_1_368' title='bbox 426 2571 616 2613; x_wconf 91' lang='lat' dir='ltr'><strong>omnibus</strong></span> <span class='ocrx_word' id='word_1_369' title='bbox 647 2570 744 2610; x_wconf 89' lang='lat' dir='ltr'><strong>dum</strong></span> <span class='ocrx_word' id='word_1_370' title='bbox 775 2570 853 2610; x_wconf 91' lang='lat' dir='ltr'><strong>hac</strong></span> <span class='ocrx_word' id='word_1_371' title='bbox 881 2572 1140 2624; x_wconf 87' lang='lat' dir='ltr'><strong>potissimum</strong></span> <span class='ocrx_word' id='word_1_372' title='bbox 1170 2571 1236 2611; x_wconf 89' lang='lat' dir='ltr'><strong>via</strong></span> <span class='ocrx_word' id='word_1_373' title='bbox 1265 2586 1341 2612; x_wconf 89' lang='lat' dir='ltr'><strong>nos</strong></span> <span class='ocrx_word' id='word_1_374' title='bbox 1370 2572 1561 2626; x_wconf 84' lang='lat' dir='ltr'><strong>expedire</strong></span> <span class='ocrx_word' id='word_1_375' title='bbox 1590 2572 1832 2612; x_wconf 86' lang='lat' dir='ltr'><strong>difficultate</strong></span> <span class='ocrx_word' id='word_1_376' title='bbox 1861 2585 2076 2622; x_wconf 89' lang='lat' dir='ltr'><strong>conamur,</strong></span> <span class='ocrx_word' id='word_1_377' title='bbox 2110 2571 2321 2625; x_wconf 90' lang='lat' dir='ltr'><strong>probabile</strong></span> 
     </span>
     <span class='ocr_line' id='line_1_36' title="bbox 338 2641 2323 2697; baseline -0.001 -14"><span class='ocrx_word' id='word_1_378' title='bbox 338 2644 472 2693; x_wconf 89' lang='lat' dir='ltr'><strong>visum</strong></span> <span class='ocrx_word' id='word_1_379' title='bbox 502 2649 578 2693; x_wconf 89' lang='lat' dir='ltr'><strong>est,</strong></span> <span class='ocrx_word' id='word_1_380' title='bbox 610 2642 712 2682; x_wconf 89' lang='lat' dir='ltr'><strong>haec</strong></span> <span class='ocrx_word' id='word_1_381' title='bbox 741 2641 868 2681; x_wconf 89' lang='lat' dir='ltr'><strong>verba</strong></span> <span class='ocrx_word' id='word_1_382' title='bbox 897 2642 936 2682; x_wconf 77' lang='grc' dir='ltr'><strong>ἐκ</strong></span> <span class='ocrx_word' id='word_1_383' title='bbox 964 2643 1125 2693; x_wconf 82' lang='grc' dir='ltr'>πατέρων</span> <span class='ocrx_word' id='word_1_384' title='bbox 1156 2643 1207 2683; x_wconf 90' lang='lat' dir='ltr'><strong>ab</strong></span> <span class='ocrx_word' id='word_1_385' title='bbox 1238 2643 1465 2695; x_wconf 79' lang='lat' dir='ltr'><strong>insequenti</strong></span> <span class='ocrx_word' id='word_1_386' title='bbox 1491 2643 1675 2684; x_wconf 91' lang='lat' dir='ltr'><strong>oratione</strong></span> <span class='ocrx_word' id='word_1_387' title='bbox 1705 2647 1924 2697; x_wconf 85' lang='lat' dir='ltr'><strong>segregata</strong></span> <span class='ocrx_word' id='word_1_388' title='bbox 1952 2656 2194 2696; x_wconf 89' lang='lat' dir='ltr'><strong>responsum</strong></span> <span class='ocrx_word' id='word_1_389' title='bbox 2224 2655 2323 2683; x_wconf 92' lang='lat' dir='ltr'><strong>con·</strong></span> 
     </span>
    </p>
   </div>
   <div class='ocr_carea' id='block_1_4' title="bbox 338 2813 2324 3119">
    <p class='ocr_par' dir='ltr' id='par_1_8' title="bbox 338 2813 2324 3119">
     <span class='ocr_line' id='line_1_37' title="bbox 532 2813 2319 2864; baseline -0.002 -10"><span class='ocrx_word' id='word_1_390' title='bbox 532 2818 569 2864; x_wconf 71' lang='lat'><strong>⁵)</strong></span> <span class='ocrx_word' id='word_1_391' title='bbox 607 2816 720 2854; x_wconf 86' lang='lat' dir='ltr'><strong>Certe</strong></span> <span class='ocrx_word' id='word_1_392' title='bbox 753 2816 861 2853; x_wconf 88' lang='lat' dir='ltr'><strong>nobis</strong></span> <span class='ocrx_word' id='word_1_393' title='bbox 898 2817 1047 2852; x_wconf 85' lang='lat' dir='ltr'><strong>diversa</strong></span> <span class='ocrx_word' id='word_1_394' title='bbox 1078 2818 1173 2852; x_wconf 91' lang='lat' dir='ltr'><strong>ratio</strong></span> <span class='ocrx_word' id='word_1_395' title='bbox 1202 2818 1347 2853; x_wconf 89' lang='lat' dir='ltr'><strong>videtur</strong></span> <span class='ocrx_word' id='word_1_396' title='bbox 1373 2818 1581 2853; x_wconf 87' lang='lat' dir='ltr'><strong>sententiae</strong></span> <span class='ocrx_word' id='word_1_397' title='bbox 1608 2817 1831 2852; x_wconf 85' lang='lat' dir='ltr'><strong>Pindaricae</strong></span> <span class='ocrx_word' id='word_1_398' title='bbox 1860 2817 1987 2864; x_wconf 89' lang='lat' dir='ltr'><strong>(Pyth.</strong></span> <span class='ocrx_word' id='word_1_399' title='bbox 2010 2816 2046 2859; x_wconf 90' lang='lat'><strong>8,</strong></span> <span class='ocrx_word' id='word_1_400' title='bbox 2072 2816 2141 2862; x_wconf 87' lang='lat'><strong>45)</strong></span> <span class='ocrx_word' id='word_1_401' title='bbox 2174 2817 2257 2862; x_wconf 77' lang='grc' dir='ltr'><strong>φυᾷ</strong></span> <span class='ocrx_word' id='word_1_402' title='bbox 2282 2813 2319 2851; x_wconf 80' lang='grc' dir='ltr'><strong><em>τὸ</em></strong></span> 
     </span>
     <span class='ocr_line' id='line_1_38' title="bbox 338 2874 2322 2931; baseline -0.001 -15"><span class='ocrx_word' id='word_1_403' title='bbox 338 2896 424 2929; x_wconf 68' lang='grc' dir='ltr'>«γενν</span> <span class='ocrx_word' id='word_1_404' title='bbox 426 2883 500 2916; x_wconf 74' lang='grc' dir='ltr'>αῖον</span> <span class='ocrx_word' id='word_1_405' title='bbox 527 2881 582 2915; x_wconf 75' lang='grc' dir='ltr'>ἔπι</span> <span class='ocrx_word' id='word_1_406' title='bbox 584 2875 704 2931; x_wconf 63' lang='grc' dir='ltr'>πρέπει</span> <span class='ocrx_word' id='word_1_407' title='bbox 733 2879 773 2914; x_wconf 82' lang='grc' dir='ltr'><strong>ἐκ</strong></span> <span class='ocrx_word' id='word_1_408' title='bbox 800 2876 956 2929; x_wconf 72' lang='grc' dir='ltr'>πατέρων</span> <span class='ocrx_word' id='word_1_409' title='bbox 984 2874 1105 2915; x_wconf 69' lang='lat' dir='ltr'><strong>nativo-</strong></span> <span class='ocrx_word' id='word_1_410' title='bbox 1133 2881 1241 2923; x_wconf 73' lang='grc' dir='ltr'>λῆμα,</span> <span class='ocrx_word' id='word_1_411' title='bbox 1275 2888 1312 2917; x_wconf 89' lang='lat' dir='ltr'><strong>et</strong></span> <span class='ocrx_word' id='word_1_412' title='bbox 1338 2894 1432 2928; x_wconf 90' lang='lat' dir='ltr'><strong>quae</strong></span> <span class='ocrx_word' id='word_1_413' title='bbox 1460 2881 1547 2916; x_wconf 90' lang='lat' dir='ltr'><strong>huic</strong></span> <span class='ocrx_word' id='word_1_414' title='bbox 1574 2881 1712 2916; x_wconf 89' lang='lat' dir='ltr'><strong>similia</strong></span> <span class='ocrx_word' id='word_1_415' title='bbox 1740 2888 1844 2923; x_wconf 88' lang='lat' dir='ltr'><strong>sunt;</strong></span> <span class='ocrx_word' id='word_1_416' title='bbox 1872 2891 1991 2926; x_wconf 88' lang='lat' dir='ltr'><strong>neque</strong></span> <span class='ocrx_word' id='word_1_417' title='bbox 2018 2879 2215 2927; x_wconf 83' lang='lat' dir='ltr'><strong>Odysseae</strong></span> <span class='ocrx_word' id='word_1_418' title='bbox 2242 2892 2322 2916; x_wconf 87' lang='lat' dir='ltr'><strong>ver·</strong></span> 
     </span>
     <span class='ocr_line' id='line_1_39' title="bbox 339 2936 2324 2994; baseline -0.001 -14"><span class='ocrx_word' id='word_1_419' title='bbox 339 2956 408 2981; x_wconf 77' lang='lat' dir='ltr'><strong>sus</strong></span> <span class='ocrx_word' id='word_1_420' title='bbox 436 2943 492 2991; x_wconf 79' lang='lat'><strong>(2,</strong></span> <span class='ocrx_word' id='word_1_421' title='bbox 511 2943 606 2990; x_wconf 81' lang='lat'>272)</span> <span class='ocrx_word' id='word_1_422' title='bbox 641 2943 671 2978; x_wconf 82' lang='grc' dir='ltr'><strong>εἰ</strong></span> <span class='ocrx_word' id='word_1_423' title='bbox 697 2937 743 2984; x_wconf 59' lang='grc' dir='ltr'><strong>δή</strong></span> <span class='ocrx_word' id='word_1_424' title='bbox 769 2957 821 2978; x_wconf 87' lang='grc' dir='ltr'>τοι</span> <span class='ocrx_word' id='word_1_425' title='bbox 849 2943 918 2978; x_wconf 75' lang='grc' dir='ltr'><strong>σοῦ’</strong></span> <span class='ocrx_word' id='word_1_426' title='bbox 942 2956 1076 2994; x_wconf 72' lang='grc' dir='ltr'>παι-ρος</span> <span class='ocrx_word' id='word_1_427' title='bbox 1103 2937 1305 2979; x_wconf 71' lang='grc' dir='ltr'>ἐνέστακται</span> <span class='ocrx_word' id='word_1_428' title='bbox 1332 2938 1431 2985; x_wconf 80' lang='grc' dir='ltr'>με’νος</span> <span class='ocrx_word' id='word_1_429' title='bbox 1458 2939 1520 2986; x_wconf 76' lang='grc' dir='ltr'>ἦν,</span> <span class='ocrx_word' id='word_1_430' title='bbox 1547 2956 1618 2980; x_wconf 69' lang='lat' dir='ltr'><strong>onoc</strong></span> <span class='ocrx_word' id='word_1_431' title='bbox 1644 2942 1773 2980; x_wconf 74' lang='grc' dir='ltr'>ἐκεῖνος</span> <span class='ocrx_word' id='word_1_432' title='bbox 1798 2939 1856 2985; x_wconf 79' lang='grc' dir='ltr'><strong>ἔην</strong></span> <span class='ocrx_word' id='word_1_433' title='bbox 1882 2936 2022 2978; x_wconf 71' lang='grc' dir='ltr'>τελέα-αι</span> <span class='ocrx_word' id='word_1_434' title='bbox 2050 2956 2151 2993; x_wconf 60' lang='lat' dir='ltr'><strong>seyen</strong></span> <span class='ocrx_word' id='word_1_435' title='bbox 2177 2956 2215 2977; x_wconf 84' lang='grc' dir='ltr'>τε</span> <span class='ocrx_word' id='word_1_436' title='bbox 2242 2938 2324 2978; x_wconf 65' lang='grc' dir='ltr'>ἔπος</span> 
     </span>
     <span class='ocr_line' id='line_1_40' title="bbox 340 3000 2323 3054; baseline -0.002 -11"><span class='ocrx_word' id='word_1_437' title='bbox 340 3021 393 3049; x_wconf 75' lang='grc' dir='ltr'><strong>τε,</strong></span> <span class='ocrx_word' id='word_1_438' title='bbox 420 3001 461 3043; x_wconf 75' lang='grc' dir='ltr'><strong>οὔ</strong></span> <span class='ocrx_word' id='word_1_439' title='bbox 487 3021 538 3042; x_wconf 81' lang='grc' dir='ltr'>τοι</span> <span class='ocrx_word' id='word_1_440' title='bbox 565 3000 688 3042; x_wconf 70' lang='grc' dir='ltr'>ἔπειθ’</span> <span class='ocrx_word' id='word_1_441' title='bbox 707 3000 790 3049; x_wconf 75' lang='grc' dir='ltr'>αλίη</span> <span class='ocrx_word' id='word_1_442' title='bbox 817 3000 950 3043; x_wconf 57' lang='lat' dir='ltr'><strong>ciffis-&#39;¹</strong></span> <span class='ocrx_word' id='word_1_443' title='bbox 928 3019 1085 3047; x_wconf 78' lang='grc' dir='ltr'>εσσεται,</span> <span class='ocrx_word' id='word_1_444' title='bbox 1113 3018 1160 3043; x_wconf 89' lang='lat' dir='ltr'><strong>ex</strong></span> <span class='ocrx_word' id='word_1_445' title='bbox 1187 3006 1320 3054; x_wconf 81' lang='lat' dir='ltr'><strong>quibus</strong></span> <span class='ocrx_word' id='word_1_446' title='bbox 1340 3006 1531 3043; x_wconf 82' lang='lat' dir='ltr'><strong>Theocriti</strong></span> <span class='ocrx_word' id='word_1_447' title='bbox 1559 3007 1679 3043; x_wconf 85' lang='lat' dir='ltr'><strong>oratio</strong></span> <span class='ocrx_word' id='word_1_448' title='bbox 1706 3007 1869 3042; x_wconf 84' lang='lat' dir='ltr'><strong>colorem</strong></span> <span class='ocrx_word' id='word_1_449' title='bbox 1889 3006 2010 3050; x_wconf 86' lang='lat' dir='ltr'><strong>duxit,</strong></span> <span class='ocrx_word' id='word_1_450' title='bbox 2038 3005 2142 3042; x_wconf 85' lang='lat' dir='ltr'><strong>illum</strong></span> <span class='ocrx_word' id='word_1_451' title='bbox 2172 3016 2323 3041; x_wconf 85' lang='lat' dir='ltr'><strong>sensum</strong></span> 
     </span>
     <span class='ocr_line' id='line_1_41' title="bbox 340 3072 705 3119; baseline -0.008 -11"><span class='ocrx_word' id='word_1_452' title='bbox 340 3072 493 3108; x_wconf 71' lang='lat' dir='ltr'><strong>firmare</strong></span> <span class='ocrx_word' id='word_1_453' title='bbox 521 3075 705 3119; x_wconf 85' lang='lat' dir='ltr'><strong>poterunt.</strong></span> 
     </span>
    </p>
   </div>
  </div>
 </body>
</html>
