2626 3532
1327 154 1354 199 8

342 280 499 327 τοιοῦτός
529 280 599 333 εἶμι
628 279 770 328 καύτός,
801 279 945 320 εὐθεῖαν
974 277 1087 330 λόγων
1116 278 1243 329 τέμνων
1273 279 1458 326 κέλευθον,
1493 279 1558 318 xm}
1588 281 1737 327 διπλοῦς
1766 279 1903 330 πέφυκ’
1919 281 2023 333 α’νήρ.
2082 281 2170 324 Sed
2197 285 2337 328 Theo-

343 351 493 391 critum
522 350 742 403 quominus
773 348 917 390 eodem
948 362 1059 389 nunc
1088 348 1253 389 dicendi
1282 363 1434 404 genere
1464 363 1583 390 usum
1614 363 1706 390 esse
1736 354 1985 401 statuamus,
2018 351 2189 404 retinet,
2218 355 2333 406 quod

344 436 421 462 nec
449 420 520 462 illa
547 419 673 461 verba
702 417 828 471 ἁσυχᾶ·
856 419 955 472 ὀξύς,
985 416 1091 460 πέντ’
1115 419 1252 462 ἐθέλων
1281 438 1316 460 κ.
1336 437 1371 461 κ.
1399 420 1501 462 satis
1531 419 1584 461 ad
1613 419 1693 462 hoc
1723 419 1941 462 consilium
1967 420 2080 462 facta
2106 420 2198 464 es'se
2228 423 2335 466 vidi-

344 504 437 531 mus
474 496 516 531 et
550 489 665 544 quod
699 490 827 531 artius
862 490 971 530 inter
1001 503 1046 530 se
1082 490 1199 545 iungi
1233 494 1406 545 apparet
1439 489 1515 531 has
1546 490 1771 532 sententias
1804 491 1960 539 τοιοῦτος
1994 488 2056 543 μὲν
2083 487 2139 531 αἰεὶ
2167 487 2212 532 τι)
2240 491 2331 540 φίλ’

344 560 504 609 Αἰσχίναι
534 566 577 599 et
606 554 698 611 ’ὅμως
727 559 765 598 δ’
783 559 880 598 εἶ’πον
909 559 951 598 τί
974 557 1016 598 τὸ
1046 560 1160 598 καινόν
1188 560 1229 598 h.
1253 575 1287 599 e.
1317 558 1427 600 ‘talis
1461 566 1508 600 tu
1538 561 1703 612 quidem
1733 575 1893 614 semper
1920 574 1985 611 es,
2022 562 2078 600 mi
2106 561 2331 601 Aeschine’

347 632 413 684 (ut
431 631 501 671 vix
520 631 663 683 quaeri
684 636 873 684 oporteat
894 629 994 683 quid
1014 628 1245 682 acciderit),
1274 627 1425 670 ‘tamen
1446 630 1562 671 dicas
1593 630 1695 684 quid
1723 631 1777 672 sit
1805 629 1931 672 novi?
1976 631 2035 671 Et
2063 637 2128 672 est
2158 638 2201 672 et
2229 631 2334 672 haec

346 701 449 743 ratio
469 700 650 754 vulgaris
681 699 902 742 admodum
925 699 1151 741 sententias
1180 713 1255 753 per
1284 698 1345 751 μέν
1375 704 1417 741 et
1446 692 1538 754 ὅμως
1568 700 1609 741 δέ
1636 702 1861 756 particulas
1892 700 2179 753 concinnandi,
2208 715 2332 756 quam

346 786 439 812 cum
458 770 707 812 Theocritus
738 770 865 812 habet
894 771 937 811 in
967 770 1111 825 idyllio
1137 782 1198 811 xv
1220 770 1273 811 72
1304 768 1366 810 οὐκ
1396 770 1453 810 ἐπ’
1477 767 1551 825 ἐμὶν
1581 770 1654 825 μέν,
1685 765 1777 826 ὅμως
1806 771 1848 813 δὲ
1875 776 2114 827 φυλαξεῦμαι,
2143 777 2232 814 tum
2251 771 2333 816 So-

346 842 518 898 phocles
548 838 600 881 in
619 842 789 882 Electra
817 843 899 882 459
936 840 1035 894 οῖμαι
1063 840 1123 894 μὲν
1153 836 1228 888 οὖν,
1267 839 1372 894 οἶμαί
1395 857 1431 881 τι
1459 838 1610 895 κάκείνῳ
1638 842 1746 894 μέλον
1774 843 1918 896 πέμψαι
1945 841 2033 884 τάδ’
2051 842 2144 899 αὐτῇ
2172 843 2333 895 δυσπρό-

347 914 458 952 σοπτ’
479 911 653 961 ὀνείρατα,
685 905 776 964 ἕμως
806 913 839 951 δ’
862 909 1012 961 ἀδελφὴ
1041 909 1106 951 σοι’
1127 910 1173 953 θ’
1190 908 1418 963 ὑπούργησον
1446 908 1534 951 τοίδε
1565 911 1649 962 ἐμοί
1672 912 1707 951 τ’
1729 911 1866 963 αἶρωγιί.
1913 914 2135 968 Euripides
2166 928 2331 967 quoque

347 983 388 1022 in
418 983 483 1023 his
514 982 701 1024 versibus
732 982 924 1023 Electrae
955 982 1215 1022 artificiosius
1246 981 1493 1035 complicata
1522 982 1705 1022 oratione
1735 983 1858 1037 (898)

794 1055 876 1092 ΗΛ.
921 1050 1139 1105 αἰσχύνομαι
1167 1051 1240 1104 μέν,
1270 1048 1452 1104 βούλομαι
1481 1052 1515 1090 δ’
1538 1051 1643 1091 εἰπεῖν
1673 1045 1765 1105 ἶμως

796 1125 876 1161 ΟΡ.
918 1119 960 1161 τί
982 1124 1129 1175 χρῆμας
1160 1120 1280 1174 λέξον·
1310 1118 1354 1170 ὥς
1383 1120 1502 1172 φόβου
1529 1122 1563 1174 γ’
1589 1118 1722 1174 ἔξωθεν
1751 1121 1793 1162 ef.

794 1195 877 1231 HA.
923 1189 1057 1242 νεκρούς
1086 1189 1253 1241 ὑβρίζειν,
1282 1191 1336 1244 μή
1363 1192 1409 1244 με’
1438 1208 1488 1239 τις
1518 1190 1644 1244 φθόνῳ
1673 1190 1784 1247 βάλῃ.

347 1277 442 1302 nam
473 1262 723 1315 cogitatione
752 1261 856 1303 haec
875 1262 1115 1315 iunguntur,
1146 1260 1361 1313 αἰσχύνομαι
1389 1260 1451 1314 μὲν
1479 1259 1614 1313 νεκροὺς
1640 1260 1809 1312 ὑβρίζειν,
1838 1260 1895 1316 μή
1921 1263 1966 1316 με’
1988 1279 2040 1312 τις
2060 1262 2185 1315 φθόνῳ
2213 1260 2331 1319 βοίλῃ,

347 1331 528 1385 βούλομαι
556 1332 589 1371 δ’
614 1331 720 1372 εἰπεῖν
749 1324 853 1384 ὗμως.
905 1330 1066 1383 Quodsi
1096 1331 1176 1372 hoc
1205 1331 1329 1372 modo
1358 1331 1570 1373 Theocriti
1600 1333 1732 1374 oratio
1762 1339 1874 1374 recte
1904 1334 2149 1387 explicatur,
2187 1348 2332 1375 conse·

347 1403 501 1456 quitur,
529 1408 577 1442 ut
606 1402 659 1442 ad
687 1403 843 1450 τοιοῦτος
872 1416 1115 1456 pronomen,
1145 1402 1259 1455 quod
1288 1402 1424 1456 ipsum
1455 1408 1619 1457 spectat
1640 1401 1693 1443 ad
1713 1404 1938 1457 superiora,
1969 1403 2072 1444 nihil
2100 1404 2333 1457 requiratur

347 1473 570 1524 adiectum,
598 1473 671 1512 illa
699 1478 835 1513 autem
856 1473 982 1514 verba
1010 1474 1140 1522 ἁσυχᾶ
1160 1471 1252 1524 ὀξύς.
1281 1472 1384 1513 πάντ’
1408 1473 1545 1515 ἐθέλων
1565 1470 1662 1513 κατεῖ
1679 1471 1813 1524 καιρόν,
1843 1488 1949 1527 quae
1978 1473 2040 1514 sic
2061 1474 2196 1514 soluta
2215 1475 2332 1527 quasi

346 1543 616 1585 continuandi
644 1544 900 1596 pronominis
921 1557 1046 1584 causa
1075 1543 1215 1583 addita
1238 1542 1291 1582 ad
1318 1543 1506 1583 idoneam
1528 1545 1775 1584 sententiam
1803 1544 1986 1584 revocari
2015 1558 2098 1584 non
2126 1533 2331 1596 poterant,

348 1615 392 1654 in
421 1628 544 1653 unam
574 1613 800 1654 orationem
830 1612 1023 1667 colligere
1052 1613 1196 1654 liceat:
1228 1627 1310 1666 quo
1330 1613 1440 1654 facto
1471 1627 1616 1654 sensus
1646 1613 1774 1654 oritur
1801 1619 1843 1654 et
1871 1627 1946 1667 per
1965 1628 2010 1655 se
2038 1613 2261 1667 probabilis
2292 1620 2334 1655 et

349 1684 447 1724 huic
485 1683 663 1723 sermoni
698 1682 764 1723 vel
799 1683 974 1723 maxime
1011 1688 1333 1733 consentaneus,
1369 1680 1497 1734 οἱσυχᾶ
1530 1680 1612 1734 ὀξῦς
1646 1680 1750 1722 πάντ’
1784 1683 1920 1725 ἐθέλων
1954 1680 2050 1723 nard
2082 1681 2203 1735 καιρόν
2231 1683 2272 1724 h.
2295 1698 2330 1724 e.

348 1752 486 1809 ‘aegre
512 1753 735 1794 vehemens
766 1759 829 1793 est
859 1753 929 1806 qui
959 1753 1096 1801 omnia
1119 1753 1208 1793 vult
1237 1753 1345 1793 sicut
1374 1753 1661 1806 opportunitas
1690 1752 1793 1794 fert'.
1838 1753 1948 1794 Nam
1977 1754 2127 1794 retinet
2154 1754 2331 1808 primum

351 1821 446 1865 κατοὶ
480 1822 600 1876 καιρόν
635 1838 751 1865 suam
785 1824 869 1865 vim
902 1823 1110 1878 propriam
1146 1829 1185 1865 et
1219 1821 1346 1874 ᾰσυχόί
1380 1823 1491 1877 quod
1526 1824 1648 1865 etiam
1683 1823 1781 1866 alibi
1816 1823 2027 1866 adjectivis
2061 1825 2334 1879 praemittitur

351 1895 485 1948 (quod
514 1908 644 1948 genus
664 1893 978 1948 Theophrastus
998 1895 1041 1934 in
1061 1894 1234 1935 historia
1251 1894 1484 1948 plantarum
1503 1891 1644 1944 φύλλον
1664 1892 1816 1945 α’σχιδές
1840 1895 2185 1948 περικεχαραγμένον
2205 1892 2333 1947 ἡσυχῆ

350 1966 546 2020 appellat,
575 1965 696 2018 plane
717 1970 765 2004 ut
783 1963 902 2015 ἠρέμα
922 1964 972 2004 ab
994 1964 1138 2003 eadem
1158 1964 1458 2018 significatione
1477 1963 1691 2004 adiectivis
1715 1964 1902 2004 additum
1922 1971 2000 2015 est,
2029 1962 2145 2016 ἠρέμα
2162 1965 2330 2018 γνώριμα,

350 2036 470 2088 ἠρέμα
497 2030 652 2086 θερμόν,
688 2034 837 2075 similia
869 2034 911 2074 in
941 2048 1131 2074 sermone
1160 2034 1417 2086 Aristotelis)
1454 2047 1565 2074 nunc
1595 2048 1687 2074 cum
1718 2031 1803 2085 ὀξύς
1833 2035 2097 2075 coniunctum
2130 2049 2213 2075 non
2248 2041 2333 2076 tam

351 2104 666 2159 ‘aliquantulum
687 2101 840 2145 acrem'
870 2118 991 2157 quam
1012 2119 1136 2146 sensu
1155 2104 1366 2158 paululum
1385 2104 1543 2146 variato
1564 2103 1756 2159 designat
1783 2118 1877 2145 eum
1905 2104 1977 2158 qui
2007 2119 2143 2160 aegre,
2172 2119 2254 2146 non
2273 2105 2333 2146 fa-

353 2176 447 2227 cile,
479 2175 701 2216 vehemens
732 2176 784 2216 sit
814 2181 884 2215 aut
912 2175 1147 2217 iracundus.
1191 2175 1261 2216 Ad
1290 2175 1550 2230 participium
1579 2180 1715 2216 autem
1746 2175 1927 2219 subiecti¹
1949 2175 2043 2216 loco
2072 2175 2252 2229 positum
2280 2190 2333 2217 ne

351 2248 446 2300 quis
484 2247 698 2286 articulum
728 2246 792 2286 vel
827 2260 1053 2300 pronomen
1087 2245 1345 2286 indefinitum
1375 2245 1582 2286 desideret
1611 2246 1711 2286 satis
1736 2246 1804 2286 ‘sit
1832 2258 2083 2286 memorasse
2121 2260 2226 2299 quae
2255 2245 2335 2287 So-

350 2317 515 2370 phoclis
545 2317 793 2368 interpretes
824 2315 877 2355 ad
896 2315 1086 2355 Electrae
1115 2331 1152 2354 v.
1176 2317 1256 2355 697
1278 2309 1360 2355 ’ὅταν
1380 2316 1421 2354 δέ
1444 2332 1496 2362 τις
1516 2317 1613 2356 θεῶν
1631 2314 1796 2369 βλάπτῃ,
1825 2313 1964 2355 δύναιτ’
1977 2309 2019 2354 ἄν
2044 2305 2119 2354 ὧδ’
2138 2310 2178 2355 ἂν
2198 2315 2333 2364 ἰσχύων

290 2384 291 2387 '
354 2388 475 2438 φυγεῖν
505 2385 774 2436 adnotarunt,
809 2399 1056 2439 quamquam
1086 2385 1189 2426 haec
1218 2392 1260 2426 et
1289 2385 1438 2427 similia
1467 2386 1702 2426 criticorum
1732 2385 1931 2427 arbitratu
1959 2400 1982 2426 e
2012 2385 2234 2439 graecitate
2264 2399 2334 2425 ex·

354 2457 574 2510 pelluntur.
623 2455 741 2495 Haec
769 2469 867 2495 vero
898 2455 1103 2512 sententia
1131 2455 1337 2506 universa,
1366 2470 1448 2509 qua
1477 2456 1547 2508 qui
1575 2469 1619 2496 se
1649 2469 1805 2508 suaque
1834 2460 1932 2496 vota
1962 2454 2015 2495 ad
2042 2455 2240 2508 temporis
2270 2469 2335 2495 ra-

353 2526 509 2566 tionem
530 2530 753 2579 componat
782 2538 866 2565 non
886 2524 1006 2565 facile
1035 2525 1268 2566 iracundiae
1298 2526 1427 2566 teneri
1455 2525 1674 2577 iudicatur,
1703 2539 1787 2566 non
1816 2525 1888 2565 illa
1916 2524 1970 2565 ad
1990 2523 2241 2565 Aeschinem
2270 2539 2335 2565 re-

352 2596 438 2636 lata
472 2595 547 2636 sed
579 2600 717 2634 tamen
746 2594 967 2635 Aeschinis
1002 2594 1248 2635 admonendi
1284 2609 1409 2636 causa
1441 2596 1481 2636 ἐκ
1509 2598 1574 2635 τοῦ
1601 2592 1753 2635 ἐναντίου
1788 2594 2021 2649 proposita,
2057 2594 2251 2646 quoniam
2284 2595 2334 2645 is,

354 2672 401 2706 ut
428 2664 673 2719 Thyonicho
708 2664 944 2715 videbatur,
981 2665 1042 2705 illi
1078 2670 1300 2719 praecepto
1335 2680 1520 2706 normam
1554 2666 1801 2707 contrariam
1835 2665 1954 2717 sequi
1989 2663 2167 2714 solebat,
2202 2663 2338 2706 media

354 2735 462 2775 inter
491 2734 582 2775 illas
612 2735 838 2775 sententias
869 2734 972 2775 duas
1001 2735 1172 2789 propius
1203 2734 1474 2777 cohaerentes
1503 2736 1620 2788 quasi
1649 2734 1858 2788 proverbii
1886 2734 2017 2774 instar
2040 2733 2266 2784 interiecta,
2295 2739 2336 2775 et

353 2805 613 2859 aptissimum
647 2805 782 2846 locum
812 2805 971 2846 obtinet
1005 2809 1046 2845 et
1075 2819 1171 2845 vere
1200 2805 1431 2860 Thyonichi
1458 2806 1733 2847 urbanitatem
1771 2804 1908 2844 refert.
1968 2803 2115 2856 Itaque
2145 2810 2191 2844 ut
2219 2819 2336 2845 mens

354 2882 503 2930 poetae
533 2876 753 2930 perspicua
780 2875 853 2916 fiat
881 2875 961 2916 hoc
990 2875 1113 2916 modo
1144 2876 1370 2927 orationem
1400 2876 1598 2932 distingui
1628 2881 1803 2931 oportet.

803 2949 961 2995 τοιοῦτος
989 2945 1051 3000 μὲν
1079 2945 1134 2986 ἀεὶ
1162 2943 1206 2986 τι)
1234 2944 1323 2997 φίλ’
1341 2946 1512 2998 Αἰσχίναι,
1542 2947 1673 2997 ἁσυχᾶ
1700 2942 1781 2997 ὀξύς

805 3015 909 3057 πάντ’
934 3016 1070 3059 ἐθέλων
1099 3013 1193 3056 κατεῖ
1221 3014 1355 3068 καιρόν,
1386 3010 1477 3070 ὅμως
1507 3018 1541 3056 δ’
1565 3015 1660 3056 εἶπον
1690 3013 1732 3055 τί
1754 3012 1796 3055 τὸ
1825 3014 1953 3056 καινόν.
