2626 3532
1258 157 1312 201 11

294 287 378 328 tius
408 285 450 325 in
479 284 558 325 hac
578 281 821 335 quaestione
850 280 900 320 ab
921 279 1041 321 huius
1067 294 1146 321 usu
1167 281 1343 335 exempli
1372 282 1681 323 abstinebimus.
1728 281 1814 323 Sed
1843 283 1884 322 in
1904 283 2107 336 Propertii
2135 284 2272 325 locum

294 356 549 399 summittere
578 354 676 393 licet
703 349 918 400 Ovidium,
949 351 1065 390 cuius
1094 350 1197 391 haec
1225 358 1322 392 sunt
1352 352 1392 392 in
1421 358 1508 393 arte
1539 352 1737 393 amatoria
1767 354 1806 404 1,
1827 353 1907 394 359
1937 368 2044 394 mens
2071 356 2146 394 erit
2171 363 2268 408 apta

294 428 391 482 capi
426 433 509 467 tum
536 437 628 464 eum
657 420 871 461 laetissima
903 434 1036 461 rerum
1064 427 1112 461 ut
1136 434 1241 475 seqee
1269 422 1314 462 in
1347 423 1493 477 pinqui
1518 420 1745 463 luxuriabit
1773 422 1901 464 humo.
1950 422 2060 464 Nam
2091 424 2272 465 luxuria-

294 499 362 549 bit,
393 494 506 550 quod
525 492 696 533 verbum
726 496 790 532 est
818 490 1032 545 primariae
1063 491 1307 542 sententiae,
1336 492 1474 533 locum
1504 493 1629 533 habet
1657 493 1699 532 in
1724 494 2029 547 comparatione
2060 509 2165 547 quae
2195 509 2270 534 suo

296 568 421 610 verbo
450 568 579 605 caret:
615 561 787 602 verbum
823 561 978 615 ipsum,
1013 560 1127 613 quod
1155 561 1207 602 de
1236 562 1372 603 anima
1399 563 1596 604 translate
1632 564 1702 617 (cf.
1735 571 1810 605 art.
1833 566 1872 616 2,
1892 564 2013 617 437),
2048 564 2100 604 de
2130 570 2271 618 segete

294 635 460 693 proprie
490 632 654 681 dicitur,
681 636 807 684 poeta
835 631 1154 683 comparationis
1185 645 1310 672 causa
1339 632 1501 686 selegit,
1532 647 1661 686 eoque
1691 635 1871 686 nomine,
1905 639 2070 688 praeter
2099 633 2273 674 colloca-

295 709 468 755 tionem,
504 716 589 743 non
617 701 831 742 dissimilia
860 706 957 742 sunt
985 700 1101 753 talia,
1136 701 1321 742 Lucretii
1351 702 1412 755 (3,
1436 702 1561 756 1043)
1592 702 1643 743 de
1672 702 1857 756 Epicuro
1886 706 1960 759 qm·
1981 717 2103 758 qemcs
2131 703 2271 744 huma·

296 791 392 818 num
419 774 575 828 inqem'o
603 773 803 826 superavit
829 778 866 811 et
893 785 1022 811 omnes
1049 771 1242 812 restinxit
1269 773 1404 812 stellas
1423 780 1578 813 exortus
1597 781 1643 813 ut
1662 775 1854 814 aetherius
1872 776 1942 824 sol,
1973 774 2052 814 nisi
2073 773 2142 826 qui
2166 774 2271 814 forte

294 859 424 888 omnes
452 844 587 884 stellae
618 842 813 896 coniungi
834 841 933 881 velit
962 834 1033 894 (cf.
1057 839 1182 883 Ovid.
1202 841 1288 883 her.
1309 854 1407 883 xvn
1427 843 1520 896 (18)
1544 843 1616 897 72)
1647 851 1689 885 et
1718 844 1980 885 artificiosam
2009 844 2119 884 illam
2145 844 2271 884 collo-

297 916 503 958 cationem
531 912 741 953 vindicare
770 911 986 960 Lucreti03
1024 910 1166 952 Ovidii
1202 918 1364 952 metam.
1388 913 1428 963 6,
1458 913 1538 953 636
1573 927 1642 953 nec
1675 928 1806 963 mora,
1846 915 1974 954 traxit
2000 914 2115 969 Ityn,
2154 915 2273 954 veluti

302 985 521 1038 Ganqefioa
550 997 683 1022 cervae
713 983 914 1022 lactentem
938 981 1069 1030 fetum
1098 997 1176 1036 per
1202 983 1324 1022 silvae
1358 984 1471 1036 tiqrab
1503 997 1667 1036 opaca83
1706 983 1857 1024 Catulli
1887 998 2010 1024 carm.
2035 986 2100 1034 11,
2122 985 2172 1024 21
2204 999 2270 1024 nec

296 1069 426 1096 meum
453 1060 636 1106 respectet
663 1059 709 1092 ut
734 1059 825 1091 ante
853 1065 1026 1092 amorem
1053 1053 1126 1105 qui
1151 1053 1263 1092 illius
1291 1053 1409 1105 culpa
1438 1052 1587 1093 cecidit
1613 1054 1721 1093 velut
1745 1055 1864 1106 prati
1890 1054 2022 1094 ultimi
2045 1054 2124 1106 flos
2152 1067 2273 1106 prae·

299 1131 469 1165 tereunte
489 1129 705 1177 postquam
735 1129 859 1162 tactus
887 1127 1026 1161 aratro
1045 1128 1111 1161 eet.
1154 1120 1264 1162 Nam
1284 1121 1411 1162 verba
1433 1122 1635 1163 translata
1661 1124 1853 1173 restim-it,
1886 1125 2021 1172 traxit,
2052 1123 2189 1163 cecidit
2218 1123 2271 1163 ob

299 1192 622 1249 praeparandam
651 1192 994 1246 comparationem
1023 1191 1162 1245 posita
1190 1197 1299 1242 sunt,
1332 1197 1380 1232 ut
1407 1191 1517 1232 idem
1547 1193 1717 1233 verbum
1745 1194 1787 1233 in
1819 1194 2031 1233 enuntiato
2061 1206 2272 1246 compara-

297 1266 385 1306 tivo
416 1263 617 1305 audiatur.
666 1262 724 1302 Et
751 1262 816 1302 his
846 1261 1011 1315 quidem
1041 1261 1238 1316 exemplis
1266 1262 1439 1302 maxime
1469 1262 1700 1303 declaratur
1721 1263 1832 1317 quod
1851 1264 2040 1304 volumus
2071 1263 2159 1303 sola
2188 1263 2273 1303 col-

299 1335 506 1377 locatione
535 1333 650 1374 verbi
682 1332 762 1372 1100
791 1332 992 1372 contineri
1027 1331 1140 1385 quod
1168 1331 1378 1386 Hauptius
1408 1333 1459 1373 ab
1489 1333 1863 1374 Alexandrinorum
1897 1340 2113 1388 poetarum
2141 1333 2273 1372 imita-

297 1406 412 1446 tione
441 1402 708 1458 repetendum
736 1403 906 1456 putavit.

491 1473 559 1514 Ad
596 1474 718 1512 istam
752 1472 878 1526 igitur
911 1473 1109 1512 rationem
1145 1472 1181 1512 si
1214 1486 1359 1513 versus
1388 1473 1625 1513 Theocritei
1661 1489 1685 1513 a
1719 1474 1870 1526 quibus
1908 1473 2010 1513 haec
2050 1473 2272 1527 disputatio

300 1545 488 1599 profecta
517 1549 581 1583 est
610 1542 827 1595 compositi
855 1547 965 1592 sunt,
994 1555 1161 1582 necesse
1192 1547 1255 1582 est
1281 1543 1593 1595 interpretemur
1623 1557 1717 1583 cum
1737 1543 1877 1597 vulgo,
1906 1543 2035 1582 τόσσον
2065 1540 2121 1595 ἔμ’
2143 1539 2275 1595 εὔφρη-

303 1631 359 1660 νας
395 1610 440 1653 σι)
474 1611 610 1662 φανείς,
648 1609 708 1651 καὶ
744 1608 910 1664 ἔδραμον,
946 1608 990 1659 αἷς
1025 1608 1209 1663 ὄδοιπόρος
1242 1627 1293 1660 τις
1328 1608 1432 1664 ἡλίου
1460 1611 1649 1664 φρύγοντος
1683 1610 1825 1663 σκιεριὶν
1853 1609 1925 1652 fine*
1953 1609 2066 1663 φηγὸν
2096 1612 2273 1665 (τρέχει)ε

302 1684 360 1724 ita
389 1683 494 1723 enim
524 1696 623 1722 sane
653 1682 756 1721 mira
775 1681 905 1720 videri
933 1681 1003 1720 illa
1022 1682 1240 1721 collocatio
1260 1682 1376 1738 verbi
1404 1682 1549 1735 possit,
1579 1681 1654 1722 sed
1682 1687 1729 1721 ut
1748 1683 1868 1722 simul
1897 1682 2163 1735 intelligatur,
2191 1683 2275 1721 vim

302 1767 466 1795 omnem
496 1751 810 1804 comparationis
840 1751 883 1790 in
913 1751 1004 1792 sola
1031 1752 1223 1791 currendi
1249 1751 1417 1795 notione
1445 1752 1633 1805 positam.
1694 1752 1842 1804 Neque
1878 1757 1962 1792 tam
1997 1751 2077 1792 1100
2106 1750 2276 1792 offendi-

303 1838 394 1865 mus
425 1836 547 1876 quam
579 1820 686 1874 quod
717 1826 854 1874 poeta,
884 1822 919 1861 si
947 1821 1028 1861 hoc
1047 1821 1246 1872 voluerat,
1274 1835 1358 1861 non
1387 1822 1531 1863 saltem
1553 1821 1769 1872 addiderit,
1799 1821 1911 1875 quod
1941 1822 2086 1862 abesse
2106 1822 2175 1861 vix
2204 1835 2276 1874 po-

304 1894 435 1934 tuisse
470 1892 698 1942 existimes,
724 1890 782 1930 ‘in
813 1896 1023 1944 aspectum
1052 1893 1200 1942 tuum’,
1235 1891 1301 1931 vel
1328 1890 1387 1932 ‘in
1416 1893 1675 1946 complexum
1709 1898 1824 1932 tuum
1853 1891 2045 1941 cucurri'3
2084 1891 2151 1932 ille
2181 1906 2276 1931 vero

304 1968 466 2004 tantum
494 1959 679 2002 ‘cucurri'
714 1961 813 2001 dicit
839 1958 901 2001 ‘ut
919 1961 1051 2001 viator
1069 1961 1146 2002 sub
1167 1962 1352 2003 umbram
1374 1963 1528 2003 currit.’
1574 1962 1682 2002 Nam
1712 1963 1955 2015 interpretes
1985 1976 2078 2002 cum
2107 1962 2165 2002 ita
2184 1975 2275 2001 sen-

304 2048 397 2075 sum
427 2031 606 2073 reddunt
635 2030 785 2084 ἔδραμον
814 2028 900 2082 πρός
931 2031 973 2071 σε’
1000 2031 1067 2072 vel
1090 2033 1302 2085 properavi
1329 2039 1373 2072 at
1402 2039 1448 2082 te,
1478 2032 1669 2073 nimirum
1698 2032 1748 2073 de
1775 2046 1850 2073 suo
1877 2031 2048 2083 addunt,
2078 2046 2129 2072 ne
2158 2032 2278 2085 plane

306 2117 453 2144 manca
482 2102 537 2143 sit
566 2101 788 2152 sententia,
825 2101 937 2154 quod
967 2116 992 2141 a
1019 2107 1167 2155 poetae
1195 2103 1380 2143 oratione
1409 2102 1538 2143 abest.
1600 2101 1695 2154 Quo
1725 2103 1856 2156 magis
1886 2102 2056 2153 mirere,
2094 2116 2165 2142 eos
2202 2102 2279 2141 hac

305 2172 577 2227 explicatione
607 2172 862 2225 acquievisse
898 2177 939 2211 et
971 2186 1023 2211 ne
1053 2172 1304 2224 quaesivisse
1333 2171 1498 2225 quidem
1529 2172 1629 2224 quid
1657 2172 1710 2212 sit
1739 2171 1852 2224 quod
1884 2177 2009 2224 poeta
2042 2172 2112 2211 illa
2141 2169 2279 2221 σκιερὰν

305 2240 377 2283 ὑπὸ
404 2239 518 2295 φηγὸν
547 2241 657 2293 ἡλίου
685 2239 876 2293 φρύγοντος
905 2247 1066 2282 tantum
1096 2241 1149 2281 ad
1168 2242 1365 2282 viatorem
1393 2242 1600 2295 pertinere
1626 2242 1802 2282 voluerit
1830 2255 1966 2293 neque
1997 2256 2045 2282 ea
2075 2242 2128 2282 ad
2156 2241 2278 2281 infor-

308 2312 503 2353 mandum
532 2311 725 2351 amatoris
756 2312 935 2351 animum
955 2312 1217 2362 converterit,
1247 2325 1339 2351 cum
1368 2312 1609 2364 praesertim
1636 2316 1733 2364 post
1762 2311 1865 2351 illud
1894 2311 2049 2364 grande
2070 2310 2279 2351 exordium

309 2383 476 2436 gravius
496 2381 691 2434 quiddam
713 2388 754 2421 et
773 2381 945 2434 amplius
967 2379 1269 2434 exspectaveris
1290 2395 1412 2434 quam
1432 2382 1613 2421 ieiunum
1632 2379 1734 2420 illud
1753 2382 1919 2420 cacum·
1946 2381 2034 2421 sive
2055 2380 2119 2421 dis
2144 2380 2279 2432 placet

306 2453 471 2491 cucurri
487 2452 545 2491 ad
565 2459 610 2490 te.
645 2451 705 2491 Et
722 2451 952 2505 properatio
974 2465 1057 2504 quo
1072 2450 1364 2504 depingeretur
1382 2465 1464 2491 non
1484 2465 1611 2491 unum
1630 2456 1818 2504 paratum
1838 2455 1937 2500 erat,
1957 2450 2101 2490 ardore
2122 2449 2217 2490 solis
2238 2454 2279 2488 et

309 2520 455 2562 umbra
482 2521 570 2575 fagi
597 2521 640 2561 111
667 2526 862 2575 promptu
891 2527 979 2561 erat
1006 2521 1067 2561 uti
1095 2526 1143 2561 ut
1161 2521 1353 2574 voluptas
1383 2522 1576 2561 amatoris
1605 2526 1772 2574 recepto
1802 2534 1931 2573 puero
1961 2535 2010 2561 ex
2031 2519 2189 2560 ardenti
2208 2517 2279 2558 de-

309 2590 459 2632 siderio
488 2592 617 2632 felicis
648 2591 908 2631 extolleretur
937 2591 1076 2631 simili:
1106 2590 1150 2631 id
1180 2590 1292 2644 quod
1321 2596 1364 2631 et
1391 2591 1450 2632 rei
1478 2597 1624 2632 natura
1655 2591 1807 2631 evincit
1837 2596 1878 2631 et
1907 2590 2089 2643 exempla
2117 2589 2279 2638 docent,

308 2661 444 2713 qualis
473 2662 539 2701 vel
567 2662 637 2701 illa
666 2666 730 2702 est
759 2661 1006 2714 comparatio
1036 2675 1119 2713 qua
1147 2660 1478 2714 Clytaemnestra
1505 2660 1752 2714 Aeschylea,
1782 2658 1857 2714 per
1886 2661 2182 2701 simulationem
2211 2658 2282 2698 illa

311 2730 497 2782 quidem,
538 2731 860 2786 Agamemnonis
895 2730 1069 2770 reditum
1107 2731 1372 2785 prosequitur
1407 2732 1464 2784 (v.
1487 2732 1569 2772 930
1595 2732 1704 2783 sqq.)
1747 2729 1849 2783 ῥίζης
1891 2729 1958 2781 γάρ
1994 2725 2097 2781 οὔσης
2140 2725 2282 2778 φυλλοὺς

308 2796 394 2838 ἵκετ’
428 2802 461 2849 ἐς
497 2801 624 2854 δόμους
659 2799 764 2842 σκιὰν
791 2798 1026 2853 ὑπερτείνασα
1060 2801 1193 2852 σειρίου
1226 2799 1337 2850 κυνός.
1381 2797 1442 2841 καὶ
1477 2804 1543 2841 σοῦ’
1579 2801 1750 2854 μολόντος
1785 2802 1980 2853 δωματῖτιν
2010 2796 2142 2846 ἑστίαν,
2179 2795 2282 2840 θόλ-

311 2884 377 2918 πος
409 2869 471 2923 μὲν
505 2871 538 2911 ἓν
572 2874 722 2926 ’χειμῶνι
755 2871 933 2926 σημαίνεις
968 2870 1087 2925 μολών
1121 2876 1203 2912 κτλ.
1262 2872 1399 2925 Atque
1433 2871 1540 2912 hanc
1579 2886 1669 2912 esse
1708 2876 1885 2912 mentem
1920 2870 2127 2910 Theocriti
2161 2873 2280 2908 vetus

312 2939 515 2994 interpres
547 2941 732 2984 Graecus
769 2942 1033 2993 existimavit,
1073 2942 1143 2995 qui
1176 2942 1281 2983 haec
1316 2942 1503 2993 adnotat,
1537 2943 1708 2982 noviciis
1739 2941 2037 2982 enarratoribus
2072 2940 2280 2994 neglecta:

311 3025 350 3049 v.
382 3011 406 3049 8
444 3009 573 3051 τόσσον
606 3029 651 3065 με
685 3008 872 3064 εὕφροιναςε
908 3010 994 3065 πρὸς
1029 3011 1093 3064 τὴν
1125 3009 1329 3065 ὑπερβολήν
1364 3014 1426 3064 τῆς
1460 3014 1634 3063 διαφορᾶς
1671 3010 1866 3051 ἐπέδωκεν·
1897 3008 1972 3050 ἔστι
2005 3007 2073 3061 γὰρ
2107 3013 2262 3050 τοιοῦτον
2273 3023 2289 3058 ᾖ

1963 3079 2024 3125 2,
