2626 3532
1280 160 1307 202 5

302 284 465 338 paratio
485 283 735 334 subindicat,
763 296 847 323 non
865 281 1155 336 Thyonichum
1175 282 1417 324 arcessitum
1437 281 1490 323 ad
1508 282 1761 324 Aeschinem
1787 282 1861 324 sed
1879 282 2131 324 Aeschinem
2158 283 2282 324 inter-

306 353 431 395 misso
460 352 658 407 temporis
687 351 821 406 spatio
841 350 1168 406 inexspectatum
1195 352 1375 393 invisere
1405 350 1458 392 ad
1476 351 1823 405 Thyonichum‘).
1872 350 2018 404 Itaque
2038 351 2280 406 Thyonicho

304 422 441 464 verbis
471 420 516 471 αἷς
544 418 688 473 χρόνιος
717 419 935 477 adscriptis
965 420 1019 460 ad
1048 435 1138 461 eam
1167 435 1351 462 normam
1379 420 1540 461 initium
1570 421 1764 474 colloquii
1793 420 2073 461 describimus.

1161 508 1429 544 ΑΙΣΧΙΝΗΣ.

815 569 961 625 Χαίρειν
990 570 1118 615 πολλοι1
1146 570 1207 615 τόν
1235 568 1346 625 ἄνδρα
1376 571 1575 624 Θυαῖνιχον.

1153 660 1431 699 ΘΎὩΝΙΧΟΣ.

1595 710 1697 754 ἅλλα
1725 717 1873 754 τοιαῦτα

717 770 741 808 2
813 766 983 821 Αἶσχίνᾳ.
1031 767 1076 817 αἶς
1104 767 1260 820 χρόνιος.

977 832 981 834 ’
1163 842 1426 878 ΑΙΣΧΙΝΗΣ.

1274 907 1424 959 χρόνιος.

1155 981 1434 1018 ΘὙῺΝΙΧΟΣ.

1056 1103 1058 1106 y
1431 1045 1472 1088 τί
1496 1048 1538 1088 δέ
1568 1064 1623 1088 τοι
1652 1045 1693 1087 τὸ
1722 1047 1888 1101 μέλημα;

306 1119 422 1173 Ergo
452 1118 684 1160 Aeschines
714 1118 956 1169 adveniens,
992 1123 1039 1158 ut
1067 1117 1263 1170 decebat,
1293 1118 1583 1173 Thyonichum
1613 1118 1771 1159 salvere
1800 1118 1935 1168 iubet,
1970 1124 2017 1158 ut
2052 1118 2093 1158 in
2124 1118 2284 1158 Aristo-

307 1189 455 1243 phanis
475 1189 638 1230 Avibus
668 1190 725 1242 (v.
752 1190 877 1242 1581)
909 1188 965 1228 dii
986 1203 1010 1228 a
1028 1188 1129 1229 Iove
1158 1189 1272 1230 missi
1290 1189 1552 1229 Peithetaero
1582 1203 1704 1242 quem
1729 1189 1978 1241 quaerebant
2007 1189 2179 1228 salutem
2209 1189 2283 1228 im-

307 1259 491 1313 pertiunt
521 1259 809 1310 adventantes,
847 1256 904 1299 τόν
934 1253 1044 1310 ἄνδρα
1071 1255 1209 1311 χαίρειν
1239 1260 1271 1300 οἷ
1300 1256 1379 1301 &eol
1409 1257 1595 1312 κελεύομεν
1623 1260 1714 1309 τρεῖς
1745 1253 1837 1306 ὄντες
1866 1256 1976 1311 ἡμεῖς.
2034 1257 2143 1298 Nam
2174 1258 2285 1312 quod

310 1328 364 1372 G.
384 1329 640 1382 Hermanno,
668 1329 828 1385 vulgari
854 1328 1191 1384 interpretatione
1219 1330 1404 1385 probata,
1434 1329 1531 1384 quia
1553 1325 1611 1370 τὸν
1631 1323 1745 1381 ἄνδρα.
1762 1328 1916 1370 nomini
1939 1329 2283 1383 praemitteretur,

309 1401 538 1441 Aeschines
567 1401 785 1441 videbatur
812 1399 1102 1453 Thyonichum
1132 1415 1157 1441 a
1186 1415 1231 1441 se
1266 1406 1547 1454 exspectatum
1583 1400 1781 1450 salutare,
1816 1413 1950 1451 neque
1984 1400 2026 1438 in
2061 1396 2170 1449 ἄνδρα
2206 1400 2286 1440 hoc

306 1471 416 1512 inest
444 1470 558 1524 quod
587 1486 707 1525 saepe
735 1471 941 1524 praemitti
969 1471 1202 1512 nominibus
1232 1471 1353 1522 solet,
1381 1486 1515 1524 neque
1544 1471 1587 1511 in
1611 1470 1797 1521 articulo,
1829 1470 2022 1524 quoniam
2042 1470 2284 1520 Aeschines,

309 1541 429 1582 etiam
461 1541 698 1592 adveniens,
725 1546 984 1595 praesentem
1014 1541 1194 1596 appellat
1223 1555 1315 1582 eum
1345 1555 1468 1594 quem
1497 1541 1673 1582 invisere
1703 1541 1946 1593 volebat⁸⁸).
1990 1540 2123 1581 Immo
2155 1540 2284 1581 credi-

306 1611 389 1652 bile
423 1625 507 1652 non
542 1617 605 1652 est
631 1611 895 1652 Theocritum
933 1612 968 1652 si
996 1611 1282 1666 Thyonichum
1316 1611 1482 1651 volebat
1511 1617 1706 1652 vocatum
1741 1610 1794 1651 ad
1823 1610 2084 1651 Aeschinem*
2109 1611 2167 1650 ire
2201 1624 2285 1650 non

304 1681 549 1734 Thyonicho
578 1682 749 1735 primam
779 1682 970 1722 tribuisse
1001 1682 1196 1723 salutem:
1227 1695 1336 1722 nunc
1365 1681 1564 1721 Aeschini
1593 1682 1749 1722 tribuit.
1781 1680 1879 1737 *Cui
1909 1680 1961 1720 ad
1991 1695 2036 1721 se
2065 1681 2212 1721 visenti
2243 1688 2285 1721 et

307 1751 501 1801 salutanti
529 1757 749 1803 postquam
777 1751 1046 1803 Thyonichus
1077 1751 1252 1792 salutem
1281 1751 1474 1802 reddidit,
1505 1750 1660 1801 adiicit,
1690 1740 1982 1791 convenienter
2009 1751 2052 1790 in
2084 1765 2132 1790 eo
2163 1765 2282 1802 quem

305 1826 391 1862 tam
422 1819 492 1861 diu
521 1834 605 1861 non
624 1819 810 1872 vidisset,
839 1818 884 1869 αἷς
911 1820 1066 1872 χρόνιος.
1114 1821 1182 1862 Ita
1208 1821 1251 1862 in
1270 1821 1413 1875 idyllio
1434 1820 1593 1862 decimo
1614 1821 1759 1874 quinto
1781 1834 1873 1861 cum
1886 1818 2041 1875 'Gorgo
2067 1819 2120 1861 ad
2139 1820 2284 1861 Praxi-

306 1905 429 1930 noam
457 1891 639 1930 venisset
669 1904 839 1943 eamque
869 1904 893 1929 a
921 1890 1043 1931 ianua
1071 1897 1294 1943 quaereret*
1315 1892 1413 1930 ἐνδοῒ
1434 1890 1636 1942 Πραξινόα;
1673 1890 1775 1930 haec
1811 1891 1902 1943 ipsa
1930 1890 2041 1930 intus
2071 1890 2283 1944 respondit

304 1961 444 2011 Γοργοῖ
464 1957 576 2009 φίλα,
606 1961 659 2008 ὥς.
681 1959 815 2012 χρόνῳ,
846 1962 948 2007 ἐνδοῒ,
990 1959 1109 2013 θαῦμ’
1127 1955 1182 2001 ὅτι
1210 1958 1270 2000 καὶ
1300 1964 1353 2000 νῦν
1373 1953 1488 2012 {vase
1535 1959 1646 2000 Nam
1674 1959 1807 2013 χρόνῳ,
1837 1963 1884 2008 ὠς
1911 1960 2030 2012 χρόνῳ
2058 1966 2198 2001 notum
2220 1967 2283 2001 est

305 2045 391 2071 non
421 2044 540 2071 secus
571 2044 619 2070 ac
646 2030 798 2082 χρόνιος,
829 2028 873 2079 αἷς
901 2027 1043 2082 χρόνιος
1072 2031 1123 2072 de
1152 2031 1336 2086 longiore
1364 2031 1562 2089 temporis
1591 2031 1805 2071 intervallo
1834 2030 1946 2084 poni,
1976 2031 2090 2071 velut
2120 2026 2147 2070 ὦ
2165 2031 2282 2083 χρόνῳ

306 2098 424 2151 φανείς
455 2100 506 2141 de
529 2100 679 2142 Oreste
709 2101 809 2141 dicit
827 2101 996 2142 Electra
1023 2102 1065 2142 in
1087 2101 1300 2155 Euripidis
1328 2101 1541 2155 tragoedia
1569 2102 1690 2155 (578)
1721 2106 1762 2141 et
1789 2101 1954 2142 Iocasta
1980 2102 2021 2141 in
2041 2101 2280 2143 Phoenissis

308 2171 431 2225 (305)
461 2167 502 2211 ιἰι)
529 2169 646 2211 τέκνον
673 2170 791 2224 χρόνῳ
820 2168 881 2211 σὸν
911 2165 1010 2225 ὄμμα
1038 2169 1176 2226 μυρίαις
1205 2172 1238 2213 ἔν
1268 2169 1410 2226 οἷμέραις
1440 2173 1638 2223 προσεῖδον.
1686 2170 1769 2223 Qui
1790 2186 1888 2212 vero
1911 2169 2149 2226 Gorgonem
2180 2186 2280 2224 quo-

306 2254 387 2294 que
418 2245 698 2294 exspectatam
728 2256 752 2281 a
770 2241 975 2281 Praxinoa
1003 2243 1165 2282 venisse
1187 2243 1345 2293 volunt,
1375 2256 1514 2282 eorum
1546 2238 1751 2282 sententia
1778 2255 1856 2281 nec
1885 2241 1972 2282 aliis
2002 2241 2124 2282 huius
2152 2241 2280 2295 idyllii

306 2311 411 2351 locis
447 2311 613 2364 probari
646 2317 785 2364 potest
819 2318 860 2351 et
897 2313 1094 2365 proximis
1131 2312 1266 2353 verbis
1301 2311 1419 2364 θαῦμ’
1447 2307 1502 2351 ὅτι
1538 2307 1598 2350 καὶ
1635 2314 1686 2351 νῦν
1721 2306 1826 2363 ἦνθες
1860 2311 2137 2365 redarguitur3
2175 2326 2277 2363 quae

303 2380 431 2420 verba
459 2381 689 2431 coniuncta,
718 2387 765 2420 ut
794 2386 904 2431 sunt,
934 2395 1026 2421 cum
1055 2381 1137 2422 illis
1167 2379 1211 2429 αἷς
1239 2380 1357 2433 χρόνῳ
1381 2381 1612 2421 Praxinoae
1641 2387 1818 2421 mentem
1848 2381 2050 2434 aperiunt:
2079 2385 2178 2420 'tam
2207 2380 2276 2419 diu

498 2505 535 2551 ⁸)
578 2506 688 2542 Hunc
721 2518 882 2542 errorem
917 2506 962 2541 de
997 2507 1166 2542 veniente
1199 2507 1246 2542 ad
1280 2507 1504 2542 Aeschinem
1533 2506 1753 2552 Thyonieho
1785 2507 1857 2540 iam
1891 2507 2073 2551 interpres
2109 2504 2275 2541 Graecus

305 2568 479 2615 praeivit,
513 2570 550 2604 in
579 2562 769 2605 ὑποδέσεις
805 2564 993 2618 θυωνῖχου
1027 2562 1064 2605 δέ
1098 2583 1188 2606 τινος
1220 2565 1354 2620 ἑταίρου
1383 2563 1585 2620 προσιόντος
1618 2567 1718 2616 αὐτῷ
1744 2565 1803 2604 διά
1832 2564 1965 2619 χρόνον
1999 2575 2034 2604 et
2065 2568 2113 2604 ad
2141 2580 2172 2604 v.
2195 2566 2216 2603 2
2245 2562 2280 2602 τί

304 2626 342 2665 δέ
369 2645 420 2666 τοι
447 2629 485 2665 τό
512 2626 669 2673 μέλαμαε
704 2631 721 2666 ὁ
751 2627 952 2680 Θυῶνιχος·
981 2626 1060 2667 οῖδα
1092 2630 1195 2679 κάγὼ
1226 2628 1279 2668 ἔτι
1312 2627 1477 2683 βραδέως
1504 2628 1593 2673 ἵκω·
1623 2628 1659 2667 τί
1688 2625 1724 2666 δέ
1752 2646 1806 2666 σοι
1833 2631 1854 2675 ἦ
1882 2629 2030 2683 φροντίς.
2084 2631 2275 2666 Editorum

303 2707 400 2732 unus
427 2696 635 2733 Meinekius
664 2709 745 2732 eam
773 2708 887 2743 quam
915 2696 1147 2733 defendimus
1174 2697 1447 2733 distinctionem
1477 2697 1662 2739 adhibuit,
1691 2686 1907 2743 ‘praeeunte
1934 2692 2120 2743 Bergkio,'
2156 2702 2195 2730 ut
2223 2696 2276 2730 ait

304 2759 343 2795 iu
371 2759 619 2796 adnotatione.
663 2758 735 2807 Qui
764 2761 1038 2812 quoniam—nec
1064 2760 1145 2808 ipse
1172 2761 1334 2797 rationes
1361 2760 1536 2809 exposuit
1562 2772 1682 2808 neque
1702 2772 1787 2796 eum
1805 2761 2002 2808 quisquam
2028 2759 2275 2808 posteriorum

304 2828 453 2858 secutus
482 2830 549 2866 est,
577 2824 740 2859 fortasse
768 2836 842 2859 non
870 2825 994 2870 inepte
1022 2824 1229 2859 videbimur
1254 2825 1351 2859 hanc
1378 2836 1456 2859 rem
1482 2825 1692 2859 accuratius
1721 2825 1885 2859 exsecuti
1912 2834 2008 2859 esse.

493 2884 555 2933 ”)
588 2886 828 2923 Hermannus
865 2887 1010 2935 (opp.v
1030 2886 1096 2934 95)
1129 2882 1187 2922 τᾶν
1219 2881 1333 2938 ἄνδρα
1367 2888 1421 2922 ita
1454 2887 1719 2935 interpretatur
1751 2898 1864 2922 eccum
1899 2897 1999 2933 quem
2032 2884 2276 2931 exspectabam

305 2949 564 2996 Thyonichum.-
597 2951 661 2995 qui
693 2951 817 2985 minus
850 2951 989 2986 licebat
1020 2951 1202 2986 Aeschini
1233 2951 1397 2986 venienti
1429 2951 1551 2986 dicere
1586 2962 1662 2986 cccc
1695 2962 1795 2995 quem
1827 2949 1980 2984 volebam
2012 2947 2276 2994 ssyonichum?

302 3010 356 3048 Ut
382 3023 430 3048 ex
456 3011 530 3048 ista
556 3011 860 3060 interpretatione
888 3013 981 3049 nihil
1007 3012 1104 3050 effici
1132 3019 1325 3062 appareat,
1352 3012 1497 3049 etiamsi
1525 3024 1614 3049 vera
1640 3019 1751 3048 esset.
