2626 3532
1270 173 1327 216 13

315 299 450 342 ventis
479 299 578 341 dare
610 297 792 349 iubetur,
826 296 938 351 quod
972 297 1259 353 gubernatoris
1290 303 1370 339 est:
1405 298 1463 338 ita
1491 303 1649 339 amator
1675 298 1944 341 Theocriteus
1973 299 2119 342 dicitur
2146 310 2285 345 urente

318 370 407 412 sole
437 370 514 412 sub
533 368 721 410 umbram
749 367 906 408 arboris
933 381 1195 422 properasse,
1224 367 1336 420 quod
1364 368 1576 422 proprium
1598 373 1662 408 est
1680 368 1861 410 viatoris.
1908 368 2014 410 Cum
2042 370 2123 411 hoc
2151 379 2285 415 autem

317 438 633 494 comparationis
662 451 813 492 genere
842 438 942 477 nihil
970 437 1265 478 communionis
1295 443 1365 478 est'
1376 438 1560 479 versibus
1581 437 1733 479 Catulli
1764 444 1835 479 aut
1853 439 2030 491 Horatii,
2059 455 2163 493 quos
2192 457 2284 484 cum

317 509 540 551 Theocrito
565 507 795 561 composuit
812 496 1034 561 Hauptius,
1061 507 1104 547 in
1125 508 1274 560 quibus
1303 507 1405 546 nibil
1433 507 1630 561 figuratae
1660 509 1856 549 orationis
1887 508 2062 549 habetur
2082 511 2155 550 sed
2175 526 2285 552 com·

296 578 527 635 'ponuntur
561 576 824 630 comparandi
859 590 984 617 causa
1015 576 1161 630 plenae
1196 577 1423 618 sententiae
1457 577 1581 617 duae:
1619 578 1731 618 dirue
1766 577 1869 628 Aser
1897 593 1974 632 per
2007 580 2122 620 arbee
2156 580 2285 622 Italae

316 648 509 704 equitavit
533 661 603 688 ceu
622 647 792 700 flamma
814 660 892 700 per
922 647 1057 687 taedae
1085 647 1146 687 vel
1172 660 1292 686 eurus
1312 660 1389 701 per
1416 647 1549 687 undae
1579 648 1790 701 (equitat),·
1828 648 2024 688 mandata
2059 648 2204 690 Thesea
2236 652 2283 691 li-

316 730 433 773 quere
461 729 530 757 ceu
558 716 681 756 nubea
707 718 851 756 montie
879 730 1063 756 cacumen
1092 717 1334 770 (linquunt).
1389 717 1531 769 Atque
1560 716 1601 755 in
1630 716 1695 757 his
1727 716 1890 769 quidem
1919 719 2193 759 memorabilis
2224 726 2285 760 est

316 789 395 828 iste
423 786 584 840 positus
610 786 723 827 verbi
753 801 777 826 a
804 800 961 826 summa
991 786 1193 827 sententia
1221 786 1263 826 in
1293 785 1468 826 mediam
1498 787 1846 839 comparationem
1874 787 2033 828 traiecti
2064 802 2168 841 quae
2197 790 2285 843 ipsa

316 857 488 899 verbum
517 871 600 897 non
629 856 772 897 habet:
803 854 914 910 apud
933 855 1197 897 Theocritum
1228 856 1355 897 series
1385 856 1579 897 orationis
1609 857 1711 896 mira
1740 856 1869 897 videri
1897 862 2060 911 poterat
2088 858 2285 913 interpre-

315 928 421 968 tanti
450 925 601 980 ἔδραμον
629 926 685 974 δέ,
721 924 765 975 ὥς
793 924 985 976 ὁδοιπόρος
1015 943 1065 975 τις
1094 923 1198 978 ἡλίου
1227 923 1420 978 φρύγοντος
1453 924 1524 966 ὑπὸ
1552 925 1691 979 σκιεροὶν
1719 924 1832 980 φηγὸν
1862 927 2039 980 (τρέχει),
2075 929 2117 968 in
2147 936 2284 970 nostra

315 997 495 1048 ratione,
530 1010 623 1037 cum
653 1010 835 1037 summae
866 997 1092 1037 sententiae
1123 1010 1228 1049 quae
1259 1002 1322 1037 est
1350 994 1491 1047 σκιεροίν
1521 994 1647 1036 δ’ύπό
1675 994 1788 1050 φηγὸν
1817 994 1923 1049 ἦλιόυ
1958 996 2148 1049 φρύγοντος
2183 997 2285 1050 ἔδρα-

316 1084 381 1121 μον
411 1067 613 1107 addantur
641 1067 768 1107 verba
802 1063 847 1115 ὥς
881 1064 1063 1117 ἑδοιπόρος
1098 1082 1149 1114 τις
1185 1066 1250 1119 (h.
1273 1081 1306 1106 e.
1338 1074 1389 1106 ne
1424 1067 1515 1119 quis
1545 1067 1713 1107 verbum
1748 1066 1953 1107 desideret
1979 1068 2128 1108 ‘instar
2156 1069 2284 1109 viato-

315 1136 389 1178 ἧδ’
418 1137 504 1177 sive
533 1132 723 1186 ὁδοιπόρου
751 1134 886 1189 δίκην),
916 1136 984 1176 hic
1013 1135 1114 1176 ordo
1133 1137 1350 1177 verborum
1382 1132 1570 1186 ὁδοιπόρος
1601 1134 1750 1189 ἔδραμον
1779 1129 1823 1183 ὥς
1851 1151 1903 1184 τις
1932 1151 2014 1176 non
2044 1138 2174 1192 magis
2201 1153 2284 1179 me-

316 1207 524 1248 morabilis
552 1205 683 1246 videri
713 1205 835 1245 debet
863 1220 986 1258 quam
1019 1206 1060 1245 in
1089 1206 1230 1259 idyllio
1250 1217 1313 1245 vn
1342 1205 1455 1259 quod
1482 1206 1633 1260 legitur
1671 1208 1732 1259 (v.
1757 1207 1835 1258 76)
1873 1199 1949 1245 εῧτε
1981 1204 2073 1256 χιαῗν
2107 1202 2151 1254 ὥς
2186 1210 2284 1261 τις*)

318 1276 534 1318 κατετάκετο
569 1273 701 1330 μακρὸν
728 1271 925 1328 ὐφἈἴμον
960 1282 1031 1316 aut
1064 1276 1107 1315 in
1142 1275 1283 1329 idyllio
1311 1288 1408 1315 XVII
1439 1277 1516 1316 107
1549 1278 1588 1315 οὐ
1623 1273 1691 1328 potu
1719 1272 1866 1326 ἀχρεῖός
1900 1293 1938 1327 γε
1973 1275 2076 1330 δόμῳ
2111 1274 2156 1317 ἐνὶ
2193 1277 2285 1318 πίονι

316 1344 452 1400 χρυσὸς
491 1343 684 1400 μυρμείκων
725 1339 787 1386 ἅτε
821 1347 974 1394 πλοῦτος
1013 1342 1068 1386 αἰεὶ
1107 1346 1259 1397 κέχυται
1300 1341 1506 1399 μογεόντων.
1576 1345 1724 1399 Itaque
1763 1360 1950 1386 veremur
1991 1361 2044 1387 ne
2077 1346 2284 1401 Hauptius

315 1432 460 1459 versus
478 1417 713 1457 Theocritei
741 1416 938 1456 rationem
967 1430 1050 1455 non
1079 1421 1188 1456 recte
1218 1417 1513 1467 aestimaverit,
1543 1430 1590 1456 ac
1619 1416 1739 1456 nobis
1769 1415 1933 1469 quidem
1963 1431 2046 1456 non
2075 1417 2123 1456 fit
2152 1417 2283 1457 credi-

312 1489 394 1530 bile
429 1488 539 1528 illam
573 1486 768 1527 orationis
802 1486 972 1526 formam
1002 1486 1159 1526 artificii
1188 1485 1382 1538 quiddam
1410 1485 1679 1526 Alexandrini
1714 1486 1865 1526 referre
1903 1491 1974 1526 aut
2004 1485 2212 1527 Catullum
2243 1494 2284 1527 et

314 1559 533 1599 Horatium
562 1558 604 1597 in
633 1557 717 1598 suis
746 1556 934 1597 versibus
962 1562 1177 1610 poetarum
1205 1556 1578 1597 Alexandrinorum
1609 1562 1736 1597 artem
1767 1564 1944 1598 secutos.

504 1627 661 1668 Verum
690 1641 821 1681 genus
850 1627 985 1679 ipsum
1015 1626 1210 1666 orationis
1239 1627 1539 1680 comparativae
1570 1626 1682 1679 quod
1701 1627 1912 1668 Theocriti
1941 1629 2075 1668 versui
2101 1627 2284 1668 vindica-

315 1700 464 1749 vimus,
500 1711 745 1751 quamquam
781 1711 805 1736 a
836 1695 990 1736 Catulli
1024 1696 1201 1736 carmine
1239 1696 1414 1737 alienum
1449 1696 1630 1747 videtur,
1667 1697 1935 1751 scriptoribus
1970 1697 2165 1738 Romanis
2199 1712 2282 1737 non

314 1769 554 1809 inusitatum
582 1767 708 1807 fuisse
728 1766 857 1806 multa
875 1766 1062 1820 exempla
1080 1772 1330 1815 monstrant;
1360 1767 1486 1818 velut,
1515 1773 1562 1807 ut
1589 1767 1732 1821 paucis
1761 1773 1924 1807 utamur
1949 1768 2143 1821 imprimis
2164 1782 2281 1821 aper-

312 1840 383 1890 tis,
412 1838 612 1878 Horatius
643 1836 729 1877 Sat.
752 1837 791 1886 2,
813 1837 852 1887 5,
872 1837 925 1876 82
956 1850 1049 1876 cum
1064 1836 1275 1886 >Tiresiam
1304 1837 1362 1877 ita
1390 1827 1708 1890 praecipientem
1737 1837 1838 1877 facit
1865 1837 1981 1878 Ulixi

759 1906 818 1947 sic
846 1906 922 1946 tibi
950 1905 1157 1960 Penelope
1185 1907 1294 1960 frugi
1323 1911 1404 1948 est:
1435 1921 1539 1960 quae
1569 1908 1605 1947 si
1635 1907 1759 1947 semel
1788 1922 1871 1948 uno

756 1976 807 2016 de
836 1990 933 2017 sene
963 1976 1138 2030 gustarit
1166 1982 1302 2016 tecum
1331 1977 1485 2030 partita
1512 1977 1718 2028 lucellum,

307 2103 310 2106 Ι
755 2052 803 2086 ut
832 2047 942 2086 canis
973 2061 996 2085 a
1025 2047 1134 2086 corio
1163 2060 1386 2098 numquam
1416 2047 1709 2087 absterrebitur
1737 2050 1942 2101 uncto‚⁸*)

313 2124 384 2159 aut
411 2118 578 2159 Tacitus
609 2132 700 2158 cum
730 2116 829 2156 dicit
857 2116 898 2156 in
929 2115 1094 2170 dialogo
1124 2130 1159 2156 c.
1181 2116 1233 2157 36
1262 2130 1409 2169 maqna
1440 2117 1658 2170 eloquentia
1688 2119 1790 2158 eie-ut
1811 2118 1980 2170 flamma
2008 2119 2174 2157 materia
2203 2119 2279 2158 ali-

313 2196 378 2230 tur
410 2196 447 2229 et
477 2187 644 2228 motibus
673 2188 867 2227 exciwtur
894 2193 930 2226 et
961 2187 1109 2226 urendo
1144 2187 1337 2235 clarescit,
1376 2191 1446 2226 aut
1478 2185 1757 2238 Quintilianus
1787 2188 1881 2228 inst.
1909 2202 1966 2228 or.
1993 2189 2029 2238 1,
2055 2188 2094 2239 2,
2118 2189 2169 2227 14
2201 2202 2277 2228 non

310 2260 416 2299 enim
443 2272 517 2298 vox
544 2260 618 2298 illa
645 2259 914 2312 praeceptoris
942 2265 989 2297 ut
1014 2271 1110 2314 cena
1138 2259 1271 2296 minue
1293 2257 1481 2309 pluribus
1509 2257 1674 2309 sufficit,
1708 2259 1776 2297 eed
1804 2269 1845 2297 ut
1873 2260 1932 2298 eol
1959 2260 2148 2298 univers-⁸22
2174 2260 2277 2298 idem

313 2331 412 2371 lucie
453 2330 672 2382 calorisque
707 2329 896 2381 laryitur,
940 2334 1113 2381 apparet
1148 2327 1370 2368 sententias
1403 2327 1577 2382 figurate
1623 2327 1753 2368 efferri
1799 2327 1939 2369 addita
1976 2328 2274 2382 comparatione

502 2458 540 2506 ‘)
583 2457 788 2506 Sophocles
814 2468 960 2506 quoque
987 2451 1102 2507 μα’τηρ
1130 2454 1211 2492 αἶα-ει
1238 2470 1289 2492 τις·
1316 2457 1526 2504 postposita
1552 2454 1595 2494 ὡς
1621 2457 1804 2504 particula
1831 2464 1871 2493 ut
1897 2469 2021 2505 saepe.

502 2521 561 2570 ”)
603 2524 663 2558 Ad
690 2523 787 2558 idem
814 2533 933 2569 genus
966 2521 1196 2557 referendum
1223 2528 1283 2557 est
1307 2521 1470 2557 fortasse
1496 2522 1595 2568 quod
1623 2520 1782 2558 Ovidius
1810 2522 1939 2557 scribit
1966 2521 2053 2568 (am.
2071 2522 2105 2565 2,
2128 2521 2185 2565 19,
2205 2520 2271 2566 26)

307 2590 454 2635 pinquis
481 2599 580 2623 amor
598 2588 810 2634 nimiumque
833 2580 960 2633 patene
986 2587 1023 2621 in
1043 2585 1162 2622 taedia
1179 2585 1279 2621 nobis
1306 2587 1452 2621 vertitur
1469 2591 1501 2621 et
1520 2585 1696 2622 stomacho
1716 2585 1830 2622 dulcis
1857 2592 1898 2622 ut
1920 2596 2000 2621 esca
2017 2591 2124 2620 nocet.
2167 2583 2271 2629 Quae

310 2651 344 2686 is
372 2656 471 2686 certe
497 2662 572 2686 non
599 2650 784 2686 intellexit
809 2650 872 2696 qui
899 2650 952 2684 ita
977 2649 1210 2695 interpunxit
1242 2655 1275 2684 et
1300 2649 1494 2692 stomacho,
1531 2650 1645 2684 dulcis
1672 2656 1712 2684 ut
1740 2661 1837 2692 esca,
1873 2656 1986 2684 nocet:
2021 2649 2115 2684 unde
2147 2649 2272 2695 inepta

310 2710 437 2749 oritur'
456 2714 654 2756 sententia;
694 2725 779 2749 nam
807 2724 880 2747 non
907 2724 1069 2748 amorem
1097 2712 1289 2748 stomacho
1317 2723 1449 2747 nocere
1483 2712 1548 2747 sed
1584 2724 1749 2748 amorem
1785 2718 1825 2748 ut
1859 2712 2001 2748 dulcem
2039 2723 2160 2747 escam
2194 2718 2270 2746 sto-

311 2777 442 2812 macho
470 2788 601 2813 nocere
620 2776 736 2812 voluit
760 2781 882 2824 poeta,
910 2763 1177 2822 neque’solum
1204 2781 1303 2811 nocet
1328 2775 1376 2811 ad
1402 2787 1564 2811 amorem
1589 2775 1749 2811 refertur
1769 2776 1835 2811 sed
1854 2781 1969 2811 totum
1997 2774 2067 2809 hoc
2093 2780 2132 2809 ut
2157 2773 2271 2809 dulcis

309 2850 390 2874 esca
417 2840 592 2875 stomacho
618 2846 716 2875 nocet
747 2839 966 2875 transfertur
993 2839 1030 2874 in
1058 2850 1223 2874 amorem
1255 2839 1319 2885 qui
1345 2839 1469 2874 taedio
1497 2839 1557 2874 sit.
1614 2839 1813 2875 Translate
1844 2845 1940 2874 nocet
1974 2837 2070 2884 quod
2102 2837 2147 2871 de
2175 2836 2271 2871 dulci

307 2914 389 2938 esca
414 2903 565 2949 proprie
592 2903 727 2939 dicitur
752 2903 792 2938 in
818 2902 948 2938 eodem
976 2902 1138 2938 carmine
1165 2914 1200 2938 v.
1217 2902 1265 2938 35
1293 2903 1456 2950 positum
1484 2908 1553 2945 est,
1579 2902 1751 2948 quidlibet
1768 2904 1915 2945 eveniat,
1939 2907 2035 2937 nocet
2053 2899 2270 2946 indulyentia

307 2965 421 3010 nobie,
447 2965 481 3003 h,
501 2978 533 3002 e.
561 2966 685 3003 taedio
712 2973 786 3003 est:
821 2967 918 3003 idem
944 2966 983 3002 in
1011 2966 1121 3002 tertia
1145 2965 1352 3002 Heroidum
1382 2965 1545 3014 epistula
1567 2966 1639 3002 116
1656 2978 1789 3013 -puqna
1815 2972 1921 3004 nocet.
1950 2964 2108 3000 citharae
2133 2975 2271 3010 noxque

305 3040 482 3076 venusque
506 3031 640 3066 iuvant.
