2626 3532
1347 169 1405 212 10

381 294 534 334 Totum
563 293 725 333 initium
757 292 948 333 carminis
979 292 1274 347 adscripsimus
1303 306 1388 334 non
1408 289 1496 334 sine
1516 306 1656 344 causa,
1685 306 1933 346 quamquam
1954 294 2116 336 omissis
2146 296 2237 338 aliis
2262 313 2372 352 quae

380 365 607 416 interprete
642 363 857 416 indigeant
893 378 977 403 non
1012 363 1263 404 disseremus
1299 365 1379 404 nisi
1415 363 1467 403 de
1496 364 1685 405 versibus
1715 369 1863 403 octavo
1895 369 1936 403 et
1965 378 2094 404 nono:
2134 365 2186 406 de
2222 369 2374 419 quibus

380 433 591 488 Hauptius
622 432 726 473 dixit
762 434 877 488 (opp.
899 445 933 474 11
961 434 1033 487 78)
1070 439 1112 474 et
1141 432 1375 486 adnotavit,
1410 433 1539 475 fuisse
1574 433 1644 487 qui
1681 431 1785 473 haec
1819 446 1902 474 non
1936 440 2048 475 recte
2083 433 2373 490 intelligerent.

380 504 517 544 Nimis
540 504 740 544 vellemus
770 503 1012 554 addidisset,
1041 505 1112 557 qui
1142 518 1224 544 non
1255 510 1366 545 recte
1395 504 1695 545 intellexissent
1723 508 1795 543 aut
1824 517 1905 555 quo
1935 502 2058 544 modo
2089 504 2191 545 haec
2220 506 2371 547 intelli-

381 580 578 628 gerentur
597 579 724 615 recte:
756 589 850 614 nam
880 589 963 614 non
984 574 1116 614 facilis
1137 574 1376 614 diiudicatio
1397 580 1475 625 est,
1505 579 1546 615 et
1571 575 1830 627 interpretes,
1860 588 1965 626 quos
1992 573 2157 626 quidem
2179 575 2373 628 vidimus,

379 645 565 698 plerique
586 650 739 694 tacent,
771 645 840 696 qui
862 659 960 684 vero
982 659 1067 683 rem
1094 644 1392 697 perstringunt,
1422 645 1536 684 velut
1556 659 1606 684 ex
1627 644 1903 697 superioribus
1912 643 2158 695 Wartonus,
2181 646 2371 700 Theoph.

381 714 676 768 Kiesslingius,
707 714 940 769 Briggsius,
970 729 1019 754 ex
1040 714 1338 755 recentioribus
1357 713 1617 754 Fritzschius
1639 721 1681 754 et
1699 713 1884 759 Hillerus
1909 728 2049 754 omnes
2080 714 2247 756 eandem
2278 731 2371 758 sen-

381 784 550 824 tentiam
582 790 824 836 sequuntur,
860 798 982 836 quam
1003 784 1199 825 Wartoni
1230 784 1367 824 verbis
1398 782 1571 823 reddere
1600 783 1741 824 liceat:
1776 799 1843 838 eyo
1873 785 1929 824 ad
1960 792 2004 834 te,
2034 799 2055 824 o
2079 799 2195 838 puer,
2224 800 2371 840 prope-

382 856 542 903 rabam,
578 857 681 895 sicut
714 857 844 894 viator
872 856 1022 908 aliquis
1056 856 1134 894 sole
1170 862 1336 894 torrente
1366 862 1561 907 properat
1595 854 1668 893 sub
1697 855 1922 895 umbrosam
1947 854 2112 908 saqum:
2151 856 2228 897 nisi
2259 857 2370 909 quod

382 924 641 965 Fritzschius
672 925 841 978 insuper
871 922 1018 976 ἔδραμεν
1049 924 1219 978 recepit,
1250 923 1363 976 quod
1386 923 1621 963 Meinekius
1652 923 1693 962 in
1714 924 1991 964 Ambrosiano
2021 925 2162 965 codice
2193 926 2258 980 (k)
2288 927 2370 981 legi

381 1000 558 1035 testatus
590 1001 673 1042 est3
705 1009 752 1034 ac
782 1009 981 1048 perquam
1003 993 1261 1033 incommode
1284 993 1433 1033 accidit
1454 992 1566 1045 quod
1588 992 1817 1047 Zieglerus,
1849 995 1918 1045 qui
1938 995 1980 1033 in
2001 995 2087 1035 suis
2109 995 2371 1046 editionibus,

383 1064 543 1104 duabus
566 1070 706 1114 certe,
742 1061 894 1115 ἔδραμον
929 1063 1077 1113 edidit,
1114 1078 1196 1102 non
1233 1077 1425 1115 expresse
1461 1062 1512 1102 de
1548 1062 1727 1115 primarii
1763 1061 1920 1102 codicis
1956 1063 2160 1116 scriptura
2193 1066 2368 1105 rettulit:

381 1149 524 1173 verum
559 1139 697 1173 tamen
734 1139 846 1173 recte
878 1133 1064 1173 videmur
1093 1134 1181 1173 eius
1212 1132 1374 1172 silentio
1409 1131 1533 1172 fidem
1564 1130 1733 1180 habere3
1772 1131 1922 1184 quodsi
1956 1131 2134 1173 fallimur
2163 1135 2370 1188 opinione,

380 1205 556 1244 fortasse
588 1204 813 1257 disputatio
843 1204 934 1257 ipsa
962 1203 1153 1257 probabit
1183 1208 1346 1256 poetam
1376 1201 1544 1255 quidem
1573 1216 1655 1242 non
1687 1199 1834 1254 ἔδραμεν
1862 1201 1938 1242 sed
1968 1200 2120 1255 ἔδραμον
2141 1205 2368 1258 scripsisse.

382 1274 468 1316 Sed
505 1275 714 1327 Hauptius
750 1274 959 1314 Theocriti
994 1288 1116 1314 versu
1152 1288 1252 1313 usus
1288 1279 1370 1323 est,
1406 1279 1452 1312 ut
1488 1272 1750 1312 artificiosius
1788 1278 1986 1312 structam
2022 1275 2367 1326 comparationem

381 1341 496 1397 quae*
519 1350 584 1384 est
613 1345 654 1383 in
677 1342 830 1384 Catulli
852 1335 1031 1384 carmine
1053 1355 1158 1383 LXIV
1188 1358 1225 1383 v.
1250 1344 1332 1383 238
1360 1343 1456 1383 haec
1485 1343 1678 1382 mandata
1703 1344 1824 1396 prius
1854 1345 2053 1383 constanti
2079 1351 2205 1384 mente
2236 1352 2366 1384 tenen-

384 1423 457 1454 tem
491 1414 635 1454 Thesea
668 1428 734 1453 ceu
766 1415 909 1467 pulsae
938 1422 1138 1453 ventorum
1163 1414 1333 1466 flamine
1363 1414 1484 1452 nubea
1513 1414 1665 1452 aerium
1694 1414 1798 1452 nicei
1824 1414 1965 1452 montis
1994 1413 2150 1466 liquere
2180 1429 2367 1454 cacumen

379 1485 432 1524 ad
463 1491 676 1537 poetarum
707 1484 1082 1523 Alexandrinorum
1112 1484 1343 1536 exemplum
1375 1484 1668 1523 conformatam
1698 1483 1910 1535 probaret3
1946 1483 2186 1536 addiditque
2217 1485 2368 1525 similia

382 1554 432 1593 de
464 1555 598 1607 poetis
628 1554 844 1603 Romanis,
873 1554 1037 1593 Horatii
1069 1552 1116 1593 C.
1145 1565 1189 1592 1v
1220 1555 1261 1603 4,
1282 1555 1335 1593 42
1368 1554 1535 1606 pulcher
1551 1553 1716 1605 fuqatie
1744 1553 1811 1591 ille
1841 1554 1923 1592 dies
1952 1553 2073 1593 Latio
2105 1554 2266 1594 tenebris
2294 1556 2369 1607 qui

373 1626 535 1678 primus
563 1625 673 1663 alma
704 1625 794 1663 risit
821 1624 983 1673 adorea,
1014 1624 1126 1663 dirue
1149 1636 1227 1676 per
1255 1623 1368 1663 urbes
1393 1622 1493 1673 Aser
1521 1629 1568 1662 ut
1595 1621 1723 1661 Italas
1752 1636 1821 1662 ceu
1841 1622 2011 1674 flamma
2034 1636 2111 1676 per
2142 1624 2275 1663 taedas
2304 1625 2366 1663 vel

379 1708 496 1733 eurus
525 1708 601 1747 per
631 1693 789 1733 Siculas
826 1693 1025 1745 equitavit
1054 1694 1208 1741 undae3
1239 1693 1443 1745 Propertii
1474 1692 1602 1741 3,14,
1628 1693 1676 1731 13
1707 1691 1758 1730 de
1789 1692 1945 1744 virgine
1977 1691 2183 1744 Spartana
2214 1707 2363 1746 qyrum

372 1766 517 1818 pulsat
546 1765 667 1817 equis,
699 1766 854 1803 niveum
876 1764 982 1803 latus
1002 1777 1090 1803 ense
1119 1764 1296 1812 revincit,
1326 1763 1619 1816 virqineumque
1647 1775 1741 1801 cavo
1765 1763 1940 1816 proteyit
1961 1776 2051 1801 aere
2071 1770 2201 1816 caput,
2230 1765 2365 1817 qualis

378 1834 674 1874 Amazonidum
704 1834 868 1872 nudatis
898 1832 1038 1872 bellica
1067 1834 1249 1872 mammis
1275 1832 1635 1872 Thermodontiacis
1667 1832 1793 1881 turba,
1824 1832 1999 1882 lavatur,
2028 1834 2156 1886 aquis,
2187 1841 2224 1872 et
2249 1835 2363 1873 modo

386 1905 424 1944 T
422 1906 565 1958 ayyeti,
595 1905 722 1943 crines
750 1904 943 1956 adspersa
967 1904 1135 1956 pruina,
1166 1911 1340 1942 sectatur
1359 1904 1515 1956 patrios
1536 1916 1612 1955 per
1630 1903 1727 1956 iuqa
1750 1903 1867 1956 lonqa
1890 1916 2018 1942 canes.
2063 1902 2232 1944 Retinet
2254 1904 2360 1943 enim

378 1975 588 2027 Hauptius
610 1973 713 2013 haec
730 1973 857 2014 verba
877 1973 937 2013 sic
957 1980 1004 2013 ut
1020 1988 1044 2013 a
1058 1973 1326 2014 Lachmanno
1347 1972 1541 2012 distincta
1561 1977 1671 2022 sunt,
1687 1986 1770 2024 quo
1790 1973 2012 2026 interprete
2030 1971 2235 2026 Spartana
2248 1974 2366 2027 virgo

378 2045 507 2085 lavari
527 2044 678 2084 dicitur
697 2049 742 2083 ut
763 2045 996 2084 Amazones
1021 2043 1212 2083 lavantur
1230 2043 1271 2082 in
1292 2041 1609 2082 Thermodonte.
1657 2042 1741 2084 Sed
1760 2042 2019 2083 Lachmanni
2038 2043 2219 2084 rationes
2239 2058 2361 2096 quam

380 2129 501 2155 verae
523 2115 619 2164 sint,
650 2129 731 2154 non
760 2113 911 2153 iniuria
931 2112 1216 2154 addubitatum
1236 2112 1418 2152 videtur:
1450 2127 1543 2152 nam
1565 2118 1755 2153 neutrum
1784 2113 1884 2153 satis
1914 2113 2066 2166 placet,
2095 2127 2228 2165 neque
2249 2113 2360 2166 quod

379 2185 586 2237 Spartana
615 2185 732 2237 virgo
768 2184 828 2224 sic
865 2182 974 2222 nude
1011 2184 1144 2222 lavari
1176 2182 1345 2232 dicitur,
1386 2196 1519 2234 neque
1555 2182 1666 2234 quod
1700 2182 1829 2222 lavari
1864 2197 1946 2222 non
1981 2189 2027 2222 ut
2055 2183 2288 2223 Amazones
2318 2184 2360 2223 in

379 2254 686 2294 Thermodonta
716 2253 790 2293 sed
820 2260 866 2293 ut
895 2252 1042 2292 bellica
1061 2252 1227 2293 nudatis
1247 2252 1434 2292 mammis
1456 2252 1755 2292 Amazonidum
1785 2253 1907 2293 turba
1935 2253 2108 2292 lavatur.
2151 2252 2243 2293 Nos
2264 2252 2362 2292 dum

381 2324 615 2375 quaerimus
648 2337 719 2362 cur
748 2322 827 2361 hoc
848 2321 971 2361 modo
1001 2322 1261 2375 potissimum
1282 2324 1516 2361 Amazones
1546 2321 1706 2374 signare
1727 2322 1968 2375 Propertius
1990 2322 2179 2373 voluerit,
2207 2323 2248 2361 in
2270 2336 2359 2361 eam

378 2394 613 2446 opinionem
644 2392 906 2442 incurrimus,
935 2397 981 2431 ut
1010 2392 1185 2445 puellam
1213 2406 1316 2444 quae
1345 2391 1454 2431 latus
1476 2405 1573 2431 ense
1603 2393 1801 2433 revinciat
1830 2398 1871 2432 et
1892 2398 2017 2446 caput
2046 2406 2139 2432 aere
2168 2396 2360 2444 protegat

379 2477 471 2502 cum
503 2463 651 2503 bellica
671 2461 972 2502 Amazonidum
1001 2461 1123 2501 turba
1151 2462 1379 2514 comparari
1409 2467 1622 2514 putemus3
1653 2476 1733 2514 quo
1753 2461 1877 2502 modo
1903 2462 2036 2502 solent
2064 2465 2214 2514 poetae
2234 2461 2359 2500 Ama·
2390 2502 2393 2505 Α

379 2548 528 2573 zonum
560 2532 748 2585 exemplo
778 2532 854 2581 uti,
884 2531 1124 2584 Propertius
1153 2531 1242 2584 ipse
1263 2533 1303 2581 4,
1324 2532 1364 2582 3,
1383 2532 1437 2571 43
1458 2530 1564 2581 felix
1582 2531 1809 2586 Hippolyte,
1840 2532 1973 2585 inquit
1993 2530 2216 2580 Arethusa,
2247 2531 2357 2570 nuda

381 2605 471 2643 tulit
499 2618 614 2643 arma
638 2603 801 2656 papilla
832 2610 869 2642 et
898 2604 991 2642 texit
1014 2603 1134 2655 yalea
1164 2602 1338 2641 barbara
1369 2603 1484 2642 molle
1513 2609 1645 2655 caput,
1667 2601 1875 2655 Vergilius
1895 2602 2001 2642 Aen.
2023 2613 2072 2641 XI
2094 2602 2173 2641 659
2196 2615 2284 2654 sqq.
2308 2600 2361 2640 de

379 2673 576 2714 Camillae
607 2673 824 2713 comitibus
854 2673 992 2726 quale8
1018 2672 1221 2712 Threiciae
1249 2687 1338 2711 cum
1354 2673 1531 2725 flumina
1558 2672 1854 2713 Thermodontis
1876 2673 2051 2725 pulsant
2077 2677 2114 2710 et
2138 2671 2254 2723 pictis
2283 2671 2359 2710 bel-

378 2745 517 2783 lantur
538 2741 756 2783 Amazones
786 2744 923 2791 armis,
956 2740 1131 2782 Ovidius
1153 2741 1325 2781 Heroid.
1348 2742 1415 2792 21,
1439 2743 1520 2782 118
1540 2756 1600 2794 sq.
1649 2741 1744 2782 Hoc
1774 2742 1810 2782 si
1839 2741 2105 2795 probabiliter
2125 2741 2356 2790 statuimus,

376 2816 537 2854 lavatur
566 2814 618 2854 ad
649 2813 777 2853 solam
809 2813 963 2852 turbam
1000 2813 1174 2852 refertur
1204 2812 1445 2865 videturque
1474 2813 1716 2865 Propertius
1752 2826 1801 2852 eo
1830 2811 1956 2852 verbo
1987 2811 2149 2851 accolas
2178 2810 2359 2852 fluminis

374 2884 694 2924 Thermodontis
725 2883 955 2937 significare
976 2883 1096 2934 velle,
1126 2888 1173 2923 ut
1202 2883 1332 2923 oratio
1363 2882 1442 2923 hoc
1472 2883 1557 2923 fere
1582 2881 1705 2922 modo
1733 2881 1975 2935 explicanda
2005 2881 2076 2921 sit:
2106 2878 2229 2922 ‘latus
2260 2895 2358 2922 ense

373 2955 547 2995 revincit
583 2961 622 2994 et
659 2955 843 3007 protegit
872 2968 963 2993 aere
995 2959 1137 3006 caput,
1172 2954 1304 3006 qualis
1336 2954 1437 3006 (est)
1469 2953 1619 2993 bellica
1648 2954 1905 2992 Amazonum
1940 2952 2058 2992 turba
2095 2966 2199 3004 quae
2236 2951 2355 3004 aquis

347 3025 760 3065 <Thermodontiacis
789 3024 970 3063 lavatur.'
1035 3022 1121 3064 Sed
1151 3023 1230 3063 hoc
1261 3028 1355 3062 utut
1385 3028 1449 3063 est
1479 3024 1630 3075 (neque
1661 3022 1767 3061 enim
1797 3021 1975 3062 fidenter
2005 3022 2264 3075 iudicamus),
2294 3027 2361 3060 tu-
