2626 3532
1291 201 1347 245 12

325 321 408 369 ‘bomo
437 326 522 368 τόδε
551 326 725 377 διαφέρει,
755 328 922 367 τοσοῦτον
951 323 1012 367 καὶ
1041 323 1086 367 σι)
1116 320 1235 377 φανεὶς
1265 325 1326 379 ἐμὲ
1357 321 1555 380 ηὔφρανας·
1584 321 1679 368 ὥστε
1709 325 1895 385 [ἔδραμον]
1904 331 1943 384 ⁸)
1977 328 2119 383 σκιερᾶν
2146 330 2218 374 dn&
2245 340 2325 386 spa-

326 397 405 451 *yo'vz
436 398 616 439 ἐπαινέσαι
645 391 685 437 οἷν
704 413 756 445 τις
786 397 826 437 ἐκ
855 401 919 450 τῆς
948 400 1164 450 παραβολῆς
1191 394 1252 437 τόν
1272 396 1440 451 ποιητήν·
1470 395 1705 449 παραβάλλει
1733 394 1802 451 γαρ
1831 401 1885 453 τῷ
1912 398 1974 454 μὲν
1993 399 2098 454 πόθῳ
2121 397 2165 442 ‘td
2182 406 2318 456 καῦμα,

325 472 376 524 τῇ·
405 468 445 508 δὲ
474 466 656 519 παρουσίᾳ
690 468 755 507 τοῦ
783 466 954 519 ἐρωμένου
983 465 1097 519 φηγὸν
1126 465 1451 515 κατασκιάζουσαν.
1502 467 1619 519 Quae
1650 482 1744 509 cum
1772 483 1870 510 vere
1891 483 1983 511 esse
2003 471 2189 524 exposita
2207 473 2318 514 arbi-

324 543 495 588 tremur,
524 537 606 577 iam
627 536 688 577 sic
707 536 908 576 rationem
930 536 1230 587 concludimus,
1258 537 1449 578 currendi
1468 538 1679 578 notionem
1699 538 1866 578 omnino
1886 539 1940 579 ad
1957 553 2129 592 puerum
2148 555 2232 581 non
2251 556 2317 582 re-

326 608 438 657 ferri,
467 621 602 659 neque
632 607 908 646 festinationis
940 620 1066 646 causa
1085 607 1255 646 viatoris
1287 608 1518 661 exemplum
1541 609 1714 648 ascitum
1735 622 1840 658 esse,
1870 608 1944 649 sed
1964 608 2073 649 hanc
2093 624 2184 651 esse
2207 626 2318 651 sum—

324 692 433 717 mam
456 677 773 729 comparationis
795 676 1054 725 sententiam,
1083 675 1214 715 τόσσον
1237 673 1293 727 ἔμ’
1315 670 1488 728 εὕφρηνας
1510 674 1555 717 σύ
1574 675 1704 727 φανείς,
1734 674 1874 729 σκιερᾶν
1904 676 1941 717 δ’
1958 675 2028 718 ὑπὸ
2056 676 2169 731 φηγόν
2188 678 2318 732 ἠελίου

327 743 522 798 φρύγοντος
552 742 723 798 ἔδραμονε
764 759 868 798 quae
899 749 963 785 est
990 744 1152 799 integra
1182 745 1312 785 oratio
1343 746 1402 786 sic
1431 751 1478 786 ut
1506 761 1582 800 per
1612 761 1655 788 se
1687 747 1774 788 sola
1803 752 1991 788 constare
2021 750 2203 801 potuerit
2230 764 2314 791 non

329 817 493 857 adiecto
516 816 657 864 simili3
686 816 802 855 velut
828 815 939 868 apud
958 815 1184 855 Pindarum
1204 814 1326 854 Nem.
1346 816 1386 865 3,
1408 817 1461 856 20
1492 816 1525 855 εἰ
1552 815 1589 855 δ’
1609 813 1671 856 ἐών
1691 814 1800 865 καλὸς
1830 815 1938 867 ἔρδων
1966 816 2002 857 τ’
2021 816 2161 858 ἐοικότα
2189 822 2317 875 μορφᾷ

322 887 482 937 ἀνορέαις
516 883 729 936 ὑπερτάταις
767 884 880 934 ἐπέβα
915 887 996 933 παῖς
1025 884 1316 937 Ἀριστοφοίνευς,
1356 883 1472 926 ου’κέτι
1503 885 1626 937 πρόσω
1655 886 1797 936 α’βοίταν
1826 880 1901 929 ἅλα
1936 885 2056 928 κιόνων
2084 886 2173 940 ὑπὲρ
2200 892 2314 941 Ἥρα·

324 958 428 1004 κλέος
458 957 567 1006 περᾶν
595 956 742 1008 εὐμαρές
771 955 971 995 translata
1001 961 1065 995 est
1095 956 1224 995 oratio
1260 955 1373 995 nulla
1402 956 1546 996 addita
1583 958 1901 1010 comparatione.
1967 958 2052 1000 Sed
2082 960 2315 1001 accedenti-

324 1028 404 1068 bus
434 1026 571 1067 verbis
602 1027 650 1074 ὠς
681 1023 866 1077 ὁδοιπόρος
895 1041 947 1073 τις
977 1039 1070 1065 cum
1101 1039 1151 1064 ex
1181 1024 1421 1078 metaphora
1449 1025 1521 1066 fiat
1552 1025 1662 1074 εἰκών,
1691 1032 1737 1066 ut
1757 1027 2007 1069 Aristoteles
2038 1028 2160 1070 docet
2189 1030 2310 1084 (rhet.

327 1098 367 1147 3,
388 1098 453 1148 4),
489 1101 577 1134 tum
610 1096 783 1135 audacia
813 1096 847 1135 si
877 1110 958 1146 qua
988 1100 1052 1134 est
1081 1095 1365 1147 metaphorae,
1402 1097 1610 1148 patefacta
1638 1097 1726 1136 eius
1757 1097 1934 1150 origine,
1971 1099 2194 1153 mitigatur.
2253 1102 2314 1142 Ut

324 1167 433 1206 enim
468 1166 601 1204 viator
629 1171 774 1204 urente
806 1165 892 1205 sole
928 1164 980 1204 ad
1009 1163 1195 1204 umbram
1230 1165 1317 1218 fagi
1350 1179 1571 1218 properare
1612 1165 1782 1215 dicitur,
1817 1166 1875 1205 ita
1910 1172 2067 1207 amator
2103 1167 2226 1209 ducta
2260 1171 2313 1211 ab

324 1236 395 1276 illo
427 1235 612 1275 oratione
644 1239 773 1274 semet
803 1234 856 1274 ob
878 1233 1098 1273 desiderati
1128 1234 1245 1287 pueri
1276 1233 1453 1274 reditum
1484 1235 1569 1274 sole
1598 1234 1768 1275 ardente
1800 1235 1876 1275 sub
1904 1235 2140 1277 umbrosam
2170 1238 2311 1293 fagum

324 1306 556 1346 cucurrisse
596 1304 824 1358 profitetur.
906 1302 1000 1354 Quo
1043 1317 1194 1357 genere
1235 1305 1553 1356 comparationis
1597 1305 1709 1345 haud
1752 1306 1810 1344 ita
1845 1320 1937 1345 raro
1974 1312 2121 1359 poetae
2160 1306 2310 1349 Graeci

322 1382 511 1426 utuntur,
542 1391 562 1415 e
594 1375 741 1427 quibus
772 1388 906 1427 pauca
935 1374 1144 1427 seligimus
1176 1374 1371 1427 exempla.
1431 1374 1666 1429 Aeschylus
1695 1376 1737 1415 in
1768 1374 2028 1429 Choephoris
2060 1378 2181 1431 (493)

836 1445 961 1491 παῖδες
989 1442 1058 1495 γάρ
1089 1441 1188 1494 α’νδρῖ
1219 1442 1388 1495 κληδόνες
1418 1443 1589 1496 σωτήριοι

835 1512 996 1561 θανόντι,
1027 1512 1159 1563 φελλοὶ
1189 1515 1223 1552 δ’
1246 1507 1291 1562 ὣς
1303 1515 1362 1566 **)
1394 1509 1519 1566 ἄγουσι
1548 1514 1689 1554 δίκτυον

835 1582 894 1624 τὸν
924 1585 963 1624 ἐκ
992 1587 1113 1633 βυθοῦ
1140 1586 1336 1636 κλωστῆρα
1365 1584 1532 1637 σῴζοντες
1562 1584 1671 1632 λίνου,

320 1657 430 1697 idem
460 1658 502 1696 in
528 1658 842 1710 Agamemnone
872 1655 1023 1708 (1132)

836 1722 896 1764 καὶ
926 1722 994 1778 μὴν
1025 1722 1043 1764 0‘
1071 1723 1238 1776 χρησμὸς
1269 1723 1386 1764 οὐκέτ’
1406 1725 1445 1764 ἐκ
1474 1723 1715 1777 καλυμμάτων

837 1793 938 1835 ἔσται
968 1791 1142 1845 δεδορκώς
1173 1794 1344 1847 νεογοίμου
1374 1792 1510 1848 νύμφης
1541 1792 1654 1847 δίκην,

836 1862 1002 1917 λαμπρός
1033 1867 1067 1903 δ’
1091 1862 1196 1903 ἔοικεν
1225 1861 1329 1916 ήλιόυ
1358 1863 1444 1915 πρὸς
1474 1862 1624 1913 α’ντολοῖς

834 1935 942 1974 πνέων
972 1932 1121 1987 ἐσᾴξειν,
1152 1928 1244 1974 ὥστε
1272 1934 1426 1986 κύματος
1457 1934 1558 1986 δίκην

833 2005 972 2054 κλύζειν
1000 2002 1088 2056 πρὸς
1117 2002 1232 2053 οὶκτοῖς
1262 2006 1363 2044 τοῦδε
1394 2002 1560 2058 πήματος
1592 2003 1686 2046 πολύ
1714 2007 1847 2058 μεῖζον,

320 2092 424 2130 quae
455 2092 537 2117 non
567 2091 648 2117 uno
679 2075 754 2116 sed
783 2076 936 2129 triplici
967 2075 1154 2127 exemplo
1176 2075 1263 2115 eius
1283 2076 1438 2115 formae
1459 2090 1582 2128 quam
1604 2074 1777 2115 dicimus
1804 2076 1982 2129 insignia
2008 2082 2123 2125 sunt3
2154 2078 2306 2129 quibus

319 2148 450 2187 addas
482 2162 532 2187 ex
562 2147 704 2186 eadem
734 2146 872 2186 fabula
898 2146 1004 2184 1270
1035 2139 1130 2184 οὗτοι
1160 2143 1314 2192 δυσοίζω
1343 2144 1482 2197 θάμνον
1511 2142 1555 2192 ὦς
1585 2139 1672 2195 ὅρνις
1701 2141 1817 2196 φόβῳ.
1862 2145 2031 2185 Pindari
2061 2146 2160 2186 talia
2189 2154 2303 2188 sunt:

320 2218 500 2271 Pyth.1,
523 2219 576 2257 90
606 2214 702 2267 εἴπερ
733 2233 767 2256 τι
787 2217 902 2267 φιλεῖς
932 2211 1039 2255 α’κοοῖν
1059 2212 1180 2254 οἷδεῒαν
1209 2212 1276 2255 αἰεὶ
1305 2213 1437 2262 κλύειν,
1467 2211 1520 2267 μή
1548 2211 1659 2268 κοῖμνε
1688 2214 1769 2254 λιάν
1798 2213 1982 2264 δαπάναις,
2012 2214 2096 2267 ἐξίει
2126 2215 2164 2255 δ’
2182 2208 2304 2269 ὥσπερ

319 2287 535 2338 κυβερνάτας
572 2284 659 2339 ἀνὴρ
689 2285 800 2326 ἱστίον
828 2284 985 2339 ἅνεμόεν;
1025 2290 1065 2325 et
1094 2285 1218 2338 Pyth.
1248 2287 1309 2335 11,
1331 2286 1398 2335 39,
1436 2285 1487 2324 de
1518 2299 1561 2325 se
1591 2285 1751 2325 dicente
1780 2292 1921 2338 poeta,
1960 2279 1986 2337 ἤ
2012 2285 2058 2338 μέ
2092 2302 2142 2334 τις
2180 2281 2303 2340 ἄνεμος

319 2356 388 2410 ἔξω
418 2357 536 2398 πλόου
572 2356 697 2405 ἔβαλεν
727 2355 770 2405 ὥς
805 2351 859 2396 ἔτ’
892 2352 1023 2395 ἄκατον
1053 2355 1218 2396 εἰναλίαν.
1279 2357 1418 2408 Atque
1456 2355 1519 2395 his
1550 2355 1720 2395 eandem
1752 2356 1929 2409 speciem
1963 2371 2062 2410 prae
2092 2371 2136 2397 se
2165 2357 2305 2398 ferens

318 2428 516 2469 succedat
546 2442 690 2468 versus
709 2427 921 2467 Theocriti
948 2428 987 2476 3,
1010 2428 1062 2466 54
1092 2427 1190 2466 item
1221 2427 1271 2467 ab
1302 2426 1596 2479 interpretibus
1626 2440 1708 2466 non
1737 2432 1783 2465 ut
1813 2426 2030 2479 oportebat
2060 2427 2303 2481 explicatus,

314 2500 499 2552 κεισεῢμαι
535 2497 575 2539 δὲ
605 2495 722 2538 πεσών
750 2494 810 2537 καὶ
844 2491 899 2537 τοὶ
935 2494 1039 2537 λύκοι
1076 2490 1146 2535 ὧδέ
1185 2496 1224 2548 μ’
1249 2494 1402 2537 ἔδονται·
1433 2494 1476 2545 αἶς
1511 2496 1594 2548 μέλι
1628 2512 1683 2536 τοι
1704 2493 1830 2548 ..γλυκὺ
1858 2498 1963 2536 τοῦτο
1992 2492 2088 2537 κατιὶ
2115 2495 2300 2549 βρόχθοιο

313 2568 459 2622 γένοιτο.
508 2569 559 2609 In
589 2568 654 2610 his
686 2567 883 2621 exemplis
913 2566 1101 2607 omnibus
1131 2566 1390 2607 manifestum
1419 2574 1482 2608 est
1510 2567 1553 2607 id
1584 2566 1693 2620 quod
1724 2565 1775 2607 de
1797 2572 2030 2620 comparata
2060 2582 2104 2608 re
2134 2569 2303 2622 proprie

315 2640 465 2680 dicitur
498 2640 743 2679 translatum
783 2652 875 2678 esse
916 2638 1094 2691 figurata
1129 2638 1312 2677 oratione
1352 2639 1393 2677 in
1430 2653 1518 2677 eam
1553 2652 1658 2690 quae
1702 2638 2007 2690 comparatione
2051 2638 2298 2679 illustratur:

314 2710 386 2749 filii
417 2710 609 2749 dicuntur
637 2715 725 2748 rete
756 2708 981 2756 sustinere,
1017 2705 1060 2746 id
1091 2707 1202 2759 quod
1235 2708 1399 2760 proprie
1430 2707 1539 2747 cadit
1568 2708 1609 2747 in
1640 2707 1807 2758 subera,
1843 2707 1965 2747 homo
1997 2707 2177 2749 liberalis
2207 2709 2303 2749 vela

508 2881 547 2928 ⁵)
587 2881 784 2930 Zieglerus
811 2886 899 2929 post
925 2875 1015 2916 ὥστε
1044 2881 1244 2918 interstitio
1272 2881 1402 2917 relicto
1424 2881 1603 2917 nonnulla
1628 2881 1755 2916 omisit
1781 2891 1876 2927 quae
1902 2881 1978 2929 legi
2007 2880 2043 2915 in
2070 2881 2195 2917 codice
2223 2878 2308 2918 non>

316 2946 519 2992 potuerint:
549 2945 759 2982 addidimus
787 2952 828 2981 ut
855 2945 1041 2981 sententia
1068 2945 1341 2994 significaretur
1368 2951 1405 2979 et
1422 2946 1544 2980 oratio
1563 2940 1689 2991 aliqui>
1708 2944 1820 2980 modo
1839 2944 2119 2980 continuaretur
2136 2939 2301 2996 ἔδραμον.ἱ

508 3009 569 3056 “)
598 3010 740 3044 Eadem
760 3010 1040 3057 comparatione
1061 3021 1150 3045 usus
1173 3009 1361 3045 Pindarus
1390 3008 1522 3055 (Pyth.
1540 3008 1574 3053 2,
1596 3008 1664 3055 80)
1693 3002 1926 3047 ἀβάπτιστός
1952 3007 2029 3049 εἶμι,
2057 3008 2187 3055 inquit,
2208 3013 2300 3054 φελ-

309 3070 376 3112 λδς
404 3065 446 3111 dL-
475 3065 560 3124 ὑπὲρ
589 3066 700 3125 ἕρκος,
732 3067 861 3116 ἅλμας.
