2626 3532
1260 145 1286 189 9

278 275 392 317 Illud
411 273 614 322 addimus,
644 270 837 324 quoniam
865 272 1021 318 τοιοῦτος
1049 267 1119 323 μὲν
1148 275 1212 311 est
1239 271 1282 310 in
1304 271 1424 312 bonis
1452 271 1581 322 libris,
1610 271 1885 313 Ambrosiano
1906 273 1972 326 (k)
2003 279 2044 314 et
2063 274 2252 317 Mediceo

278 346 361 399 (p),
389 344 472 385 hoc
496 340 729 394 exemplum
757 353 882 392 prave
911 340 1137 393 particulae
1164 340 1325 394 positae
1354 341 1509 382 indicio
1540 355 1630 381 esse
1659 355 1796 395 posse,
1827 356 1948 395 quam
1976 343 2086 384 facili
2115 358 2251 386 errore

278 414 391 470 apud
418 414 530 456 hunc
558 414 725 466 poetam
753 409 814 463 μέν
843 415 885 451 et
913 408 980 464 μάν
999 410 1171 452 voculae
1201 411 1308 452 inter
1327 425 1371 452 se
1399 415 1692 465 permutentur.
1737 411 1885 466 Itaque
1909 418 2093 456 auctores
2125 414 2251 458 simus

278 483 506 527 editoribus
535 485 578 520 et
605 479 665 519 illi
693 480 913 534 praecipue
942 480 1029 521 viro
1059 481 1228 536 egregio
1257 494 1378 534 quem
1407 495 1547 521 rumor
1576 487 1639 521 est
1658 482 1868 521 Theocriti
1898 483 2077 522 carmina
2104 484 2252 524 instru-

279 560 418 595 mento
449 552 590 592 critico
621 555 740 590 aucta
766 549 1009 603 propediem
1038 550 1256 600 editurum,
1284 557 1332 590 ut
1359 552 1401 590 in
1430 551 1510 590 hoc
1539 552 1679 604 idyllio
1709 567 1747 590 v.
1771 554 1822 591 57

788 614 906 670 ὤφελε
935 618 996 672 μὲν
1024 621 1152 671 χωρεῖν
1180 616 1276 660 nard.
1304 622 1377 661 νοῢν
1407 618 1481 661 τεὸν
1509 613 1554 662 ὧν
1583 620 1771 674 ἐπεθύμεις

788 686 960 741 Αἷσχίνα,
991 688 1023 730 εἰ
1048 689 1084 729 δ’
1106 686 1213 740 οὑτῶς
1243 685 1313 742 ἄρα
1340 706 1396 731 τοι
1425 693 1531 732 δοκεῖ’
1551 684 1639 732 ὥστ’
1664 690 1860 746 οἷποδαμεῖν
1888 696 1960 733 κτλ

277 764 402 806 etiam
430 766 591 817 praeter
618 761 745 802 libros
774 758 835 814 μὲν
863 760 1098 813 restituant,
1130 766 1214 801 tam
1244 767 1384 816 aptum
1414 761 1508 803 huic
1537 762 1715 803 orationi
1745 762 1868 803 modo
1896 768 2007 803 recte
2037 762 2252 804 distinctae

278 847 402 888 quam
431 829 499 885 μεῖν
528 831 639 884 quod
667 832 862 885 vulgatur
892 831 1068 871 alienum
1097 836 1170 871 est.
1228 831 1287 871 Et
1316 833 1360 872 in
1387 832 1529 886 idyllio
1558 845 1619 873 xv
1642 834 1718 873 131
1752 833 1850 873 olim
1879 834 2032 873 rectius
2062 840 2109 873 ut
2136 839 2253 887 puta-

278 918 369 945 mus
397 901 459 956 μὲν
487 902 701 956 legebatur
729 916 851 954 quam
881 915 990 941 nunc
1019 902 1085 942 vel
1115 916 1166 941 ex
1185 902 1458 943 Ambrosiano
1488 903 1630 943 codice
1660 903 1887 956 paucisque
1916 903 2009 944 aliis
2038 900 2106 956 μὲν
2134 918 2254 957 repo-

280 974 406 1015 situm
437 978 501 1014 est
529 985 669 1013 rursus
698 986 826 1025 prava
854 971 1040 1012 adhibita
1067 971 1411 1025 interpunctione.

789 1043 842 1082 νῦν
870 1040 932 1094 μὲν
961 1039 1099 1092 Κύπρις
1128 1039 1258 1092 ἔχοισα
1286 1038 1344 1081 τὸν
1373 1039 1480 1091 αὑτᾶς
1508 1043 1668 1094 χαιρέτω
1697 1038 1821 1094 ἄνδρα,

787 1113 906 1154 α’ὤθεν
935 1113 969 1150 δ’
991 1111 1078 1164 οἱμές
1108 1128 1153 1151 νιν
1181 1104 1257 1165 ἅμα
1286 1109 1407 1165 δρόσῳ
1435 1111 1571 1163 ἀθρόαι
1601 1110 1667 1164 ἔξω

791 1181 946 1234 οἷσεῢμες
974 1179 1058 1221 ποτὶ
1086 1181 1240 1234 κύματα,

276 1268 361 1306 quo
391 1253 536 1293 eodem
564 1253 688 1293 modo
721 1258 762 1292 et
790 1251 1013 1304 Euripides
1041 1252 1083 1291 in
1103 1251 1271 1292 Electra
1298 1252 1479 1304 loquitur
1508 1254 1629 1306 (782)
1660 1256 1712 1292 νῦν
1741 1252 1802 1306 μὲν
1833 1251 1920 1304 παρ’
1939 1250 2021 1305 ἡμῖν
2049 1249 2129 1305 χρή
2157 1269 2254 1292 συνε-

279 1322 399 1373 στίους
428 1320 505 1376 ἐμοὶ
533 1319 637 1378 θοίνῃ
667 1319 833 1375 γενέσθαι
864 1351 873 1360 .
890 1352 899 1361 .
929 1322 1008 1373 ἑῷοι
1036 1321 1070 1360 δ’
1094 1320 1344 1373 ἐξαναστάντες
1365 1321 1496 1373 λέχους
1525 1327 1597 1363 κτλ
1626 1328 1667 1363 et
1685 1322 1932 1364 Theocritus
1961 1322 2050 1377 ipse
2079 1324 2121 1363 in
2150 1322 2256 1376 idyl-

279 1393 336 1434 lio
364 1393 686 1448 undetrigesimo
777 1382 781 1385 ’

663 1464 715 1504 35
788 1463 827 1503 αι’
854 1462 894 1503 δὲ
923 1465 1039 1502 ταῦτα
1069 1460 1178 1515 φέρην
1207 1463 1382 1515 ἀνέμοισιν
1411 1460 1619 1518 ἐπιτρέπῃς,

789 1534 822 1573 ε’ν
850 1535 958 1586 θυμῷΙ
987 1531 1027 1572 δὲ
1056 1532 1162 1588 λέγῃς
1190 1530 1246 1572 ’τί
1269 1550 1312 1585 με
1341 1531 1494 1587 δαιμόνι’
1519 1532 1703 1586 ἐνόχλης;’

790 1603 842 1643 νῦν
871 1602 931 1656 μὲν
960 1599 1052 1656 κήπὶ
1082 1599 1127 1642 τοὶ
1153 1599 1298 1654 χρύσεα
1327 1604 1418 1657 μᾶλ’
1440 1599 1546 1643 ἕνεκεν
1575 1603 1679 1646 σέθεν

789 1670 895 1726 βαίην
924 1667 985 1712 καὶ
1014 1671 1177 1723 φύλακον
1206 1672 1327 1712 νεκύων
1355 1670 1450 1713 πεδσῖ
1478 1673 1669 1724 Κέρβερον,

787 1741 878 1783 τόκα
908 1743 942 1782 δ’
966 1741 1048 1783 οὐδὲ
1076 1744 1264 1792 καλεῦντος
1293 1744 1354 1783 ἐπ’
1373 1740 1528 1792 αὐλεΐαις
1557 1742 1685 1795 θύραις

663 1815 717 1855 40
787 1809 1010 1867 προμάλοιμί
1032 1831 1072 1853 κε
1102 1809 1325 1867 παυσα’μενος
1354 1813 1511 1865 χαλέπω
1539 1812 1647 1856 πόθω

280 1887 401 1927 cuius
430 1885 512 1925 loci
540 1885 719 1924 nativam
738 1890 992 1924 venustatem
1013 1898 1204 1924 veremur
1223 1898 1275 1923 ne
1304 1898 1388 1923 non
1418 1890 1528 1923 recte
1556 1885 1817 1937 perceperint
1846 1885 1917 1938 qui
1938 1890 2010 1924 aut
2032 1885 2144 1924 hiare
2165 1899 2256 1924 ora·

281 1957 437 1996 tionem
467 1961 562 1995 ante
591 1956 641 1994 νῦν
669 1953 730 2006 μὲν
760 1960 830 1993 aut
858 1955 1029 1994 traiecto
1052 1968 1245 1994 versuum
1276 1954 1419 1994 ordine
1447 1960 1594 2007 poetae
1624 1955 1951 1995 subveniendum
1981 1955 2061 1995 sibi
2089 1969 2257 2007 persua-

282 2031 437 2067 serunt.
479 2025 538 2066 Et
568 2030 665 2065 sunt
693 2024 773 2064 alia
792 2023 940 2076 quibus
969 2024 1092 2077 paulo
1113 2024 1302 2077 cupidius
1331 2030 1480 2077 poetae
1501 2024 1657 2065 Dorico
1678 2024 1875 2065 Doricam
1901 2024 2136 2066 adscribere
2165 2039 2256 2078 par—

284 2095 452 2137 ticulam
481 2094 690 2136 videntur:
723 2108 828 2148 quae
857 2108 939 2134 non
968 2094 1264 2148 persequimur.

473 2178 508 2206 11
554 2165 749 2221 Idyllium
785 2164 1089 2217 duodecimum,
1124 2165 1189 2205 cui
1216 2164 1335 2218 Ἀίτης
1372 2165 1627 2216 inscribitur,
1668 2179 1718 2205 ex
1753 2166 1961 2207 amatoriis
1997 2166 2256 2215 carminibus,

283 2250 367 2290 quo
389 2242 547 2277 amator
565 2251 736 2291 puerum
767 2251 817 2277 ex
836 2236 1051 2275 intervallo
1072 2236 1263 2276 reducem
1283 2236 1503 2289 compellat
1520 2237 1681 2286 beatus,
1711 2236 1762 2276 ab
1792 2236 1873 2276 hoc
1903 2236 2070 2277 exordio
2100 2236 2254 2287 incipit.

783 2303 946 2352 ἿῙλυθες
975 2299 1003 2345 ὦ
1032 2305 1124 2355 φίλε
1153 2309 1267 2356 κοῦρε,
1296 2305 1400 2359 τρίτῃ
1430 2304 1491 2344 miv
1521 2301 1617 2344 νυκτὶ
1647 2303 1708 2345 καὶ
1737 2305 1801 2357 ἥοῗ

792 2371 940 2428 ἤλυθες,
970 2377 1002 2416 οἱ
1031 2374 1070 2416 δὲ
1100 2378 1287 2426 ποθεῢντες
1319 2376 1351 2416 ἓν
1379 2370 1491 2428 ἤματι
1519 2372 1819 2430 γηράσκουσινἼ.

791 2439 898 2486 {iecor
928 2443 989 2497 ἔαρ
1017 2447 1202 2499 χειμῶνος,
1232 2439 1311 2486 ὅσον
1339 2448 1454 2499 μῆλον
1482 2445 1681 2496 βραβύλοιο

791 2510 901 2570 ἥδιον,
930 2508 1035 2556 ἕσσον
1064 2509 1112 2564 ὄις
1141 2516 1315 2568 σφετέρης
1343 2512 1544 2568 λασιωτέρη
1574 2514 1687 2566 α’ρνός,

695 2588 719 2625 5
790 2579 896 2626 ἕσσον
924 2582 1125 2638 παρθενικὴ
1152 2586 1322 2637 προφέρει
1351 2585 1533 2638 τριγοίμοιο
1561 2584 1735 2638 γυναικός,

790 2649 897 2696 ἕσσον
927 2653 1152 2708 ἔλαφροτέρη
1181 2655 1325 2709 μόσχου
1355 2655 1482 2707 νεβρός,
1513 2649 1619 2697 ἕσσον
1649 2653 1768 2709 αἠδῶν

792 2725 1002 2778 συμπάντων
1031 2722 1226 2778 λιγύφωνος
1254 2725 1451 2778 οἰοιδοτοίτη
1480 2729 1666 2779 πετεηνῶν,

792 2795 920 2836 τόσσον
950 2793 1006 2849 ἔμ’
1028 2791 1200 2849 εὕφρηνας
1229 2793 1275 2836 σύ
1298 2793 1429 2847 φανείς,
1459 2794 1599 2848 σκιερὴν
1630 2795 1665 2835 δ’
1684 2793 1753 2836 ὑπὸ
1782 2792 1894 2849 φηγόν

694 2870 719 2907 9
790 2867 915 2920 ἠελίου
943 2865 1136 2919 φρύγοντος
1166 2865 1352 2918 ὅδοιπόρος
1382 2865 1533 2921 ἔδραμον
1561 2862 1606 2915 ὥς
1635 2883 1698 2916 τις.

479 3015 516 3062 ⁴⁵)
560 3014 624 3053 Sic
650 3016 957 3064 interpungimus,
985 3028 1059 3063 quo
1088 3016 1205 3064 magis
1234 3016 1431 3064 perspicua
1456 3016 1521 3052 fiat
1548 3015 1747 3063 oppositio,
1776 3025 1888 3061 quam
1914 3017 2026 3061 poeta
2051 3012 2180 3048 voluit.

1943 3079 1968 3121 2
